2724 4794
523 270 699 325 ..27„

168 446 314 524 Γλαύκη
333 447 362 508 ll
384 446 424 509 18
449 443 586 527 denique
610 443 682 508 fieri
699 447 805 528 potest
822 449 855 505 ut
873 448 1003 524 propter
1019 440 1156 505 Tlueoor.

57 563 103 628 lV
121 563 160 626 31
190 560 367 626 bucolicum
392 579 505 624 nomen
536 558 698 642 sophistae
734 558 835 622 visum
870 557 921 637 sit,
959 557 1084 621 etiamsi
1120 575 1157 619 eo

56 679 130 744 loco
155 677 195 742 de
219 676 415 742 citharistria
438 674 555 757 agitur,
589 671 646 739 sed
680 674 727 736 ita
761 671 848 738 clara
882 678 917 735 ut
944 670 1157 734 ΑΡ1111262

57 800 191 878 propter
215 793 370 858 Glaucam
387 790 560 856 Theocrito
584 789 830 854 adscriberetur.
878 785 1001 850 Rustici
1035 784 1156 867 aliquid

56 929 101 974 an
140 928 181 972 ex
220 905 372 992 Nympha
411 905 535 970 Glauca
571 904 708 968 Pausan.
734 899 931 1004 11111413
967 906 1000 964 et
1035 899 1157 964 Glauco

32 1091 37 1105 ,
56 1031 189 1108 pastore
213 1040 285 1086 cum
302 1019 471 1103 corydone
495 1018 666 1082 coniuncto
692 1017 746 1081 ΑΡ
763 1016 807 1080 Vl
825 1015 867 1080 96
885 1012 1036 1098 colligere
1061 1013 1157 1078 liceat

55 1137 178 1202 nescio.

235 1346 262 1390 c.
299 1325 429 1390 Tertii
454 1323 546 1388 libri
570 1324 726 1388 nomina
750 1323 980 1408 parasitica.

170 1466 216 1531 De
247 1463 459 1549 parasitorum
492 1481 610 1545 genere
634 1467 666 1526 ct
691 1461 830 1526 moribus
864 1463 984 1545 optime
1007 1461 1155 1526 Ribbeck

58 1581 160 1646 Colax
184 1578 268 1644 Ahh.
294 1578 323 1643 d.
349 1578 452 1642 sache.
479 1575 553 1641 Ges.
579 1575 608 1639 d.
633 1576 727 1641 Wiss.
753 1574 884 1660 Lipsiae
912 1575 1006 1641 1883.
1043 1576 1156 1656 Knorr,

59 1695 122 1760 Die
139 1694 308 1759 Parasiten
333 1693 384 1757 bei
410 1691 472 1756 den
496 1690 665 1756 Griechen.
714 1691 775 1756 Die
799 1691 1083 1756 Parasitennamen
1106 1691 1157 1754 bei

56 1808 244 1893 Alciphron.
268 1809 381 1891 Progr.
407 1806 437 1871 d.
460 1806 576 1890 Gymn.
601 1827 638 1869 nu
656 1805 797 1889 Belgard
817 1806 901 1870 1815
918 1805 1156 1890 alphabeticum

57 1923 206 1989 ordinem
229 1929 357 1989 secutus
379 1922 464 1986 ultra
488 1921 614 1985 tertiam
639 1919 778 1984 litteram
803 1940 865 1984 non
889 1920 1055 2005 prooessit.

168 2040 196 2101 1.
246 2037 444 2116 Γρυλλίων
460 2035 509 2098 ΙΙΙ
527 2035 557 2116 8,
578 2037 605 2097 l.
630 2034 680 2097 Ill
696 2034 749 2098 22.
797 2035 847 2099 Ab
872 2035 982 2118 orgine
999 2054 1156 2118 agnomen

56 2150 200 2216 ioculare
234 2169 291 2234 per
314 2168 348 2214 sc
373 2142 540 2214 honestum
578 2153 612 2213 ut
636 2146 809 2244 Gryllum),
844 2167 906 2230 qno
931 2148 1175 2233 Xenophontis·

56 2271 151 2350 pater
174 2270 206 2329 ct
229 2263 316 2328 iilius
340 2262 494 2329 nominati
519 2271 602 2342 sunt,
637 2262 677 2327 de
710 2263 782 2328 aliis
806 2286 836 2328 v.
860 2263 916 2348 Sp.
941 2285 971 2347 p.
988 2264 1042 2327 54.
1089 2262 1155 2328 Sed

57 2399 100 2445 ex
123 2377 364 2462 significatione
388 2376 540 2462 primaria
564 2377 686 2442 iactum
710 2385 768 2455 est,
805 2384 838 2442 ut
863 2377 982 2442 homini
1007 2378 1091 2443 molli
1116 2398 1155 2443 ac

56 2492 229 2559 libidinoso
267 2493 482 2578 imponeretur
524 2493 572 2557 sui
613 2493 821 2577 comparabili
866 2493 908 2558 of.
945 2493 1153 2558 Horatianum

57 2609 204 2694 Epicuri
227 2609 268 2673 dc
291 2628 388 2694 grege
408 2628 551 2692 porcam
575 2627 625 2692 ep.
643 2607 739 2670 1416
764 2613 796 2671 et
820 2606 984 2671 Plutarchi
1009 2605 1153 2691 Gryllum

57 2718 195 2804 (Usener
218 2719 310 2804 Epic.
334 2740 365 2804 p.
384 2719 500 2799 LXX).
548 2720 617 2785 Nec
642 2719 745 2784 miuus
768 2719 915 2785 idoneum
942 2725 989 2785 est
1014 2717 1155 2803 parasito

57 2834 116 2914 (cf.
141 2833 303 2918 Aristoph.
330 2835 412 2898 Plut.
438 2834 503 2898 315
528 2835 637 2898 {aecor
662 2837 754 2914 μητρὶ
784 2839 887 2913 χοῖροι
917 2834 1000 2916 quod
1026 2832 1155 2899 Scholia

56 2951 271 3027 παροιμιῶδες
295 2949 346 3012 ἐπὶ
369 2952 435 3013 τῶν
458 2952 687 3013 κολακευτικῶε
720 2970 798 3012 τιειν
831 2949 998 3026 ἑπομένων
1031 2952 1154 3027 τροφῇ(

56 3062 150 3126 ἕνεκα
175 3061 294 3127 dictum
320 3062 505 3146 explicant),
531 3083 548 3127 e
573 3061 739 3135 comoedia
763 3068 838 3125 noto
863 3061 1020 3145 Gryllioni
1037 3062 1153 3126 Axion.

57 3176 184 3241 111531
213 3178 270 3258 (2),
295 3178 397 3262 Lync.
422 3176 508 3261 apud
531 3177 646 3241 Athen.
665 3178 709 3241 Vl
728 3199 757 3261 p.
774 3177 938 3258 244qu.
964 3178 1017 3258 qui
1042 3176 1154 3242 dubito

56 3311 97 3355 an
123 3310 231 3356 verum
261 3290 418 3356 hominem
453 3292 485 3357 in
517 3301 621 3356 mente
655 3293 815 3357 tenuerint
846 3292 996 3378 Phrynac
1030 3291 1155 3358 seilicet

56 3406 233 3491 parasitum
269 3407 384 3471 Athen.
410 3408 475 3472 XII
494 3430 524 3492 p.
541 3407 649 3472 5911)
683 3416 888 3473 memoratum
905 3410 940 3488 2).
999 3407 1152 3473 Similiter

165 3635 191 3702 1)
211 3634 245 3688 In
267 3634 406 3705 Aegypto
426 3636 592 3690 secundum
616 3637 687 3689 Plin.
708 3637 733 3690 N
762 3637 796 3690 H.
816 3637 859 3702 35,
881 3638 920 3690 10.
934 3637 968 3690 31
983 3635 1154 3705 Antiphilus

57 3732 201 3802 Grynum
232 3731 397 3788 demdz'cola'
426 3731 548 3787 babitus
576 3735 704 3802 pingere
737 3735 848 3794 didicit,
886 3735 966 3788 rande
995 3733 1028 3789 id
1057 3750 1153 3804 peada·

51 3827 194 3898 picturae
213 3827 308 3899 popili
327 3831 481 3884 vocantur,
531 3829 608 3884 Num
636 3845 671 3884 eo
703 3831 822 3884 saltatio
853 3831 1005 3884 hominum
1035 3832 1152 3885 bestiali

57 3926 162 3979 habitu
188 3927 370 3993 vestitorum,
403 3928 481 3980 iuter
509 3942 584 3994 quas
612 3928 777 3993 γρυλλιεμὸν
806 3926 1029 3996 Aegyptiacum
1059 3927 1152 3981 Bekk.

56 4021 251 4097 Anecdss1133
271 4029 429 4089 testentur,
448 4024 609 4077 referenda
628 4025 665 4076 sit
684 4040 745 4077 non
765 4029 891 4077 constat.

164 4119 191 4182 2)
212 4121 368 4188 lluplicem
399 4135 519 4174 sensum
545 4126 574 4174 et
612 4121 776 4173 honestatis
813 4127 842 4174 et
880 4121 1011 4174 libidinis
1049 4123 1152 4189 nequi·

56 4216 179 4285 tiaeque
212 4218 384 4286 percepisse
404 4218 563 4272 llerondas
598 4219 718 4271 videtur
748 4232 814 4271 curu
848 4217 918 4271 150
938 4219 1084 4285 Γρύλλον
1103 4219 1153 4273 τὸν
