2724 4794
590 314 765 367 ..844

23 539 25 543 .
128 488 214 552 latus
238 486 289 564 sit,
314 486 425 552 dubito
450 494 562 553 eontra
585 508 624 552 ea
649 507 730 569 quae
754 487 857 552 Reieh
880 509 911 571 p.
929 487 1049 569 dsssqq.
1079 486 1119 551 de
1143 486 1228 552 Alei-

129 601 250 686 phrone
284 603 389 686 Longi
423 604 583 667 imitatore
620 602 761 687 protulit.
809 603 979 667 Nominum
1015 621 1094 684 qnas
1129 601 1229 666 affert

129 715 353 800 similitudines
378 717 471 795 Νάπη
495 717 615 799 Longi:
642 717 785 781 Nunnio(
803 716 944 797 Εὐνάπη,
978 716 1228 795 Andematun-

130 834 186 906 bnt
230 829 450 925 Δρυαντίδαε,
489 828 879 925 ἈγέληιἈγελαρχίδης,
913 828 1062 894 Ἵππαεοε
1099 829 1229 894 Γνάθων

130 944 297 1020 Μεγακλῆ(
315 945 515 1022 Φιλοποίμην
538 943 623 1028 apud
650 952 827 1026 utrumque,
852 944 891 1008 iis
914 965 976 1008 non
1000 945 1131 1008 multum
1155 965 1227 1028 pro-

62 1140 64 1145 ·
130 1059 224 1122 batur
247 1077 306 1122 nee
329 1058 496 1122 sufficiunt
512 1059 573 1122 loei
592 1059 754 1140 utriusque
778 1059 927 1123 simillimi
945 1096 986 1104 —
1005 1078 1136 1140 quorum
1153 1079 1229 1143 pars

129 1170 206 1235 nihil
247 1171 444 1237 demonstrat
459 1175 483 1252 ¹)
522 1210 576 1248 —‚
620 1180 655 1237 nt
691 1172 765 1237 inde
806 1179 876 1238 uter
904 1174 1037 1238 alterum
1077 1179 1229 1256 sequatur

130 1285 358 1351 discernamus.
405 1287 453 1350 Ao
476 1286 561 1369 qnod
578 1287 677 1352 Reielr
696 1294 760 1352 tam
778 1288 885 1371 magni
902 1287 983 1352 iaeit
999 1287 1227 1371 Aleiplrronem

131 1400 301 1482 longiores,
332 1399 478 1483 Longum
504 1400 712 1484 simpliciores
736 1401 895 1464 nominum
920 1402 1075 1487 praebere
1108 1401 1229 1467 formas

128 1517 172 1598 (p.
189 1515 257 1594 ot),
297 1512 358 1577 hoe
394 1515 525 1579 multum
555 1514 662 1579 valere
686 1535 768 1597 nego
793 1517 974 1596 accuratius
998 1517 1132 1598 singulis
1155 1537 1229 1580 eon·

129 1627 278 1693 sideratis
294 1631 326 1707 2).
375 1629 507 1708 Ἀγέλην
531 1636 627 1711 atque
651 1627 878 1709 Ἀγελαρχίδην
902 1630 1074 1694 cohaerere
1097 1650 1229 1696 neeesse

130 1763 192 1807 non
217 1750 266 1808 est
289 1745 340 1808 vel
365 1745 391 1808 si
409 1745 455 1808 ita
472 1744 650 1827 statuimus,
675 1742 807 1823 Ἀγέλην
824 1745 923 1809 multo
940 1745 1031 1829 peius
1047 1765 1088 1809 ex
1105 1746 1229 1828 aptiore

130 1860 335 1941 Ἀγελαρχίδῃ
369 1862 402 1939 (a
426 1867 568 1938 munere)
599 1859 777 1923 breviatum
802 1879 872 1925 esse
895 1858 1136 1924 eorreedendum
1168 1866 1228 1923 est.

131 1973 220 2038 Idem
237 1974 323 2038 valet
339 1972 379 2037 de
394 1973 485 2050 Νάπη
497 1997 503 2036 :
513 1973 667 2054 Nonoioc,
682 1973 741 2037 hoe
755 1975 817 2037 iam
836 1980 904 2038 erat
920 1994 1034 2038 nomen
1050 1973 1228 2058 personale,

131 2087 265 2152 forsitan
290 2088 387 2152 etiam
406 2086 566 2151 Εὒνάπιο(
591 2086 621 2166 (P
638 2108 667 2151 ν.
686 2108 717 2171 p.
734 2088 788 2167 18)
811 2107 871 2151 nee
895 2093 1000 2151 tamen
1026 2107 1044 2152 e
1068 2087 1227 2152 contrario

26 2233 29 2236 ·
130 2202 275 2284 Longum
287 2200 480 2265 imitatorem
492 2201 598 2264 faeere
610 2201 696 2283 lieet,
714 2202 763 2264 eni
779 2222 840 2265 non
853 2202 895 2266 ab
906 2202 1040 2285 Napaeo
1053 2208 1085 2265 et
1093 2203 1228 2286 Eunape

131 2337 244 2381 nomen
280 2313 493 2380 derivandum
516 2322 586 2380 erat
620 2321 716 2380 antea
750 2321 870 2379 notum.
917 2314 1129 2399 Dryantidem
1165 2316 1229 2379 iam

132 2431 266 2496 Ovidius
292 2431 400 2512 linxit,
425 2429 590 2514 Dryadem
615 2431 721 2515 potius
738 2451 758 2494 a
774 2429 900 2510 Δρυάδι
925 2430 1066 2515 nympha
1090 2450 1184 2511 quam
1209 2451 1229 2494 a

131 2544 235 2628 Longi
274 2544 418 2624 Δρύαντι
457 2543 685 2627 Aleiplnonem
724 2545 860 2609 traxisse
900 2550 1022 2628 putem:
1062 2547 1229 2609 restant4

131 2660 259 2725 nomina
282 2659 377 2743 plane
395 2658 636 2740 consentientia,
661 2656 718 2722 sed
743 2678 783 2722 ne
798 2657 848 2723 his
866 2657 991 2740 quidem
1013 2659 1077 2723 ulla
1093 2659 1229 2724 imitatio

132 2773 298 2839 evincitur.
346 2774 396 2838 De
432 2793 555 2839 summa
585 2793 661 2857 ergo
686 2772 853 2838 Reiehium
889 2775 979 2857 sequi
1014 2794 1149 2857 nequeo,
1184 2774 1228 2839 ei.

131 2887 246 2953 Rohde
270 2890 310 2952 D.
327 2879 374 2971 gn
388 2888 480 2952 Rom.
505 2888 613 2971 puna
638 2887 712 2952 adn.
730 2889 782 2952 3a
805 2894 837 2952 et
852 2879 936 2970 qnae
953 2887 994 2952 de
1018 2890 1085 2953 vita
1109 2887 1229 2952 rustica

132 3003 163 3065 in
189 3002 303 3066 litteris
327 3001 461 3066 Graecis
485 3000 648 3086 descripta
671 2999 746 3065 inde
770 3022 790 3065 a
812 3022 844 3085 p.
869 3002 935 3064 504
958 3003 1100 3086 exponit.
1264 3090 1269 3095 .

239 3136 266 3179 e.
292 3115 579 3180 Amatoriorum
603 3115 709 3180 fontes
734 3116 783 3180 rel
808 3115 973 3200 suspicari·
993 3135 1044 3181 res
1068 3121 1116 3180 est
1140 3114 1229 3180 dubi·

131 3229 245 3294 tationi
270 3229 418 3294 obnoxia.
466 3229 633 3294 Reiehium
658 3250 735 3294 sane
759 3231 785 3295 si
810 3231 970 3312 sequimur
994 3233 1034 3308 (e.
1052 3230 1068 3292 I
1084 3229 1229 3310 §3-5),

132 3344 303 3408 Lueiano
338 3342 491 3427 Aloiphro
524 3344 660 3428 plurima
696 3342 803 3422 debet,
836 3365 898 3408 nnn
935 3345 1036 3409 solnm
1072 3345 1229 3408 amatoria

132 3458 270 3540 nomina,
294 3456 351 3521 sed
370 3457 497 3521 omnino
514 3457 729 3540 compluribus
748 3457 827 3522 loeis
836 3456 995 3522 rhetorem
1009 3463 1116 3522 aetate
1133 3457 1230 3542 paulo

132 3572 284 3635 maiorem
302 3570 445 3635 imitatus
460 3577 517 3652 est,
536 3571 691 3655 imprimis
702 3572 858 3655 eplllls
877 3571 1136 3656 philosophorum
1157 3591 1230 3636 eon-

133 3685 230 3766 virio,
248 3704 330 3765 qnae
349 3682 488 3748 traditur
504 3685 586 3749 inter
601 3685 802 3768 parasiticae.
828 3683 892 3749 Sed
906 3662 1008 3767 nedae
1022 3683 1062 3748 de
1079 3691 1231 3766 quattuor

132 3827 345 3835 ..ᾔ-...Ἀ

240 3912 267 3981 1)
287 3910 366 3968 Satis
385 3915 492 3967 mirum
513 3914 602 3967 etiam
623 3914 688 3966 eius
708 3913 745 3966 de
755 3911 946 3981 Aleiphronis
960 3913 1121 3981 Longique
1136 3913 1231 3966 seien-

132 4011 174 4064 tia
194 4011 307 4063 rustiea
325 4010 470 4063 iudicium
489 4026 517 4079 p.
537 4010 572 4065 52
582 4025 645 4079 sqq.

240 4107 268 4170 2)
296 4105 402 4174 Neque
431 4108 553 4160 omnino
582 4122 618 4160 ex
649 4106 770 4159 nomine
798 4107 937 4160 breviato
968 4106 1015 4158 vel
1044 4105 1229 4173 amplificato

133 4204 171 4258 de
190 4204 342 4258 imitatore
361 4203 498 4258 concludi
518 4219 607 4272 posse
626 4208 751 4256 constat.
789 4200 979 4271 Aleiplrronis
1011 4201 1133 4266 Μεριδᾶε
1164 4203 1229 4255 sine

133 4299 225 4353 dubio
247 4299 416 4353 derivatum
435 4303 480 4352 est
499 4313 537 4351 ex
556 4297 842 4351 Batrachomachiae
862 4297 1050 4363 Μεριδάρπαξ.
