2724 4794
588 334 619 345 ...
657 305 763 385 871...

129 478 278 543 videntur
312 498 398 556 esse:
444 478 666 563 piscatoria
701 479 798 560 nulla,
834 479 987 544 rustica
1020 478 1229 565 Trygotlorus

131 593 351 659 Thrasonides
384 593 528 677 Oenopio
553 593 806 676 Chaerestratus,
841 593 1066 677 parasitica
1100 593 1228 658 Gnatho

130 706 291 772 Struthias
330 707 527 772 Autooletus.
574 709 747 772 Praeterea
784 727 901 771 servo
912 728 990 771 rum
1024 707 1230 791 Alciphronis

129 822 258 887 nomina
291 822 418 886 omnino
454 821 652 887 comoediam
685 822 822 906 sapiunt.
871 821 985 888 Omnia
1018 842 1096 888 sane
1132 823 1228 893 etiam

129 936 162 1000 in
186 935 273 1001 vitae
297 956 354 1000 usu
378 941 468 1001 erant
500 941 597 1018 atque
627 936 830 1001 inveniuntur
863 937 896 1000 in
930 935 1041 1019 titulis,
1074 937 1229 1022 imprimis

130 1050 297 1136 Delphicis
310 1051 494 1116 libertorum
505 1051 622 1116 tabulis
634 1050 801 1130 (Woscher
811 1058 843 1115 ot
853 1051 1003 1134 Fouoart,
1021 1052 1229 1137 Inscriptions

130 1166 307 1230 recueillios
330 1168 350 1230 a
374 1165 518 1249 Delphos
542 1165 634 1230 Paris
654 1165 737 1228 1863
755 1166 813 1229 Ill.
831 1165 913 1230 sc'rie
929 1188 960 1250 p.
972 1167 1015 1230 33
1026 1170 1109 1250 sqq.)
1123 1170 1158 1248 ¹).
1192 1168 1230 1232 ln

130 1282 198 1346 vita
221 1282 346 1345 etiamsi
369 1281 442 1364 lege
466 1279 604 1363 quadarn
622 1300 785 1345 serrorum
804 1281 844 1344 ab
862 1281 1033 1346 liberorum
1049 1283 1230 1349 nominibus

130 1395 258 1462 diversa
275 1417 337 1460 non
354 1402 445 1460 erant
459 1397 495 1477 2),
520 1401 625 1460 tamen
650 1396 805 1480 paulatim
830 1401 919 1461 certa
937 1417 1015 1481 prae
1032 1396 1104 1463 aliis
1120 1398 1160 1462 iis
1176 1399 1230 1461 im-

130 1509 337 1594 ponebantur,
354 1510 400 1573 ita
411 1516 444 1573 ut
456 1509 543 1574 vitae
556 1529 674 1573 morem
687 1515 797 1574 secuta
811 1510 852 1573 sit
865 1508 1041 1591 comoedia,
1056 1530 1126 1574 oum
1141 1518 1229 1575 certa

130 1625 259 1687 nomina
275 1624 375 1688 serris
391 1624 520 1708 propria
537 1624 660 1688 faceret
672 1626 708 1704 3).
748 1624 853 1705 Atque
870 1623 1097 1709 Aloiplnonem
1114 1645 1229 1690 merno-

131 1739 230 1803 rabile
266 1744 314 1803 est
349 1737 450 1803 solum
479 1737 670 1806 Numenium
707 1739 835 1822 hahere,
872 1759 965 1821 quern
999 1759 1016 1803 e
1045 1724 1230 1804 comoediae

131 1853 274 1934 reliquiis
298 1873 379 1936 quae
413 1858 541 1917 exstant
572 1873 671 1918 nuno
704 1855 824 1918 afferre
860 1873 1055 1935 nequeamus
1090 1852 1160 1934 (sed
1186 1854 1229 1918 cf.

131 1966 272 2032 Helladii
298 1967 512 2031 testimonium
536 1987 632 2051 supra
656 1967 817 2050 allatum),
851 1967 1006 2051 Pyrrhias
1029 1967 1124 2032 Cario
1149 1969 1230 2033 anti-

131 2100 224 2165 quae,
261 2081 379 2146 Dromo
415 2081 571 2145 Parmeno
602 2082 686 2166 Syra
716 2081 870 2165 Asphalio
906 2101 1009 2146 novae
1044 2080 1230 2146 comoediae

132 2194 394 2259 consuetudinem
430 2195 610 2277 ostendunt,
653 2197 738 2260 inter
770 2215 852 2277 qnae
888 2194 1074 2260 comoediae
1109 2215 1230 2278 genera

131 2312 267 2375 maiores
303 2309 509 2375 differentiae
532 2311 593 2375 hac
616 2332 651 2376 re
679 2333 742 2375 non
775 2308 987 2375 intercedunt.
1035 2307 1230 2375 Comoedias

131 2424 292 2490 nominum
324 2424 485 2490 servilium
518 2426 673 2491 rationem
699 2444 793 2507 quam
826 2423 1028 2508 grammatici
1061 2428 1230 2503 testantur,

131 2560 228 2624 supra
259 2539 476 2621 cognorimus,
517 2559 600 2603 nuno
635 2539 770 2605 forsitan
806 2536 960 2621 exemplis
994 2557 1064 2601 earn
1099 2536 1230 2600 firmare

131 2654 209 2718 utile
241 2661 301 2735 est,
335 2661 370 2718 ut
402 2662 598 2738 quantopere
623 2673 694 2717 oum
718 2652 913 2736 Aloiphrone
937 2657 1093 2734 congruat
1117 2650 1231 2715 melius

138 2823 351 2830 *ν*-

243 2924 268 2986 1)
288 2924 321 2978 V.
340 2925 383 2976 ibi
402 2924 566 2991 Ἀνθράκιον
585 2941 614 2977 n.
633 2923 676 2988 ⁶22,
705 2923 854 2990 (αραπίων
878 2924 911 2976 τὸ
930 2924 1012 2987 γένο(
1031 2923 1120 2987 (ύρον
1140 2938 1168 2975 n.
1188 2921 1231 2988 23,

133 3022 232 3086 Μάνη(
253 3021 287 3074 τὸ
311 3022 392 3085 γένο(
411 3021 588 3089 Παφλαγόνα
606 3021 650 3085 31,
677 3019 752 3074 Ἀ(ία
772 3020 805 3073 τὸ
824 3019 905 3085 γένο(
924 3019 1015 3084 (ύραν
1034 3017 1078 3084 53,
1106 3017 1231 3084 Πυρρία(

133 3118 176 3178 re,
198 3118 257 3184 111,
295 3117 410 3183 suppo<
432 3117 490 3185 ras,
527 3117 686 3183 παρθένιον
707 3116 766 3183 ιιι,
805 3116 905 3181 rapta<
925 3115 985 3182 132,
1024 3113 1151 3180 Ζωπύρα
1171 3094 1232 3177 145,

133 3216 237 3268 Εὔνου(
258 3213 316 3280 146,
336 3214 440 3267 (mefac
460 3212 742 3282 importunusque
766 3213 901 3265 eiusdem
932 3225 1039 3264 sensus
1067 3215 1231 3263 occurrunt

133 3312 238 3377 (ωείχα
261 3311 390 3376 (ω(ίβιο(
418 3311 533 3364 (ωτίων
561 3311 644 3364 (mech
673 3310 836 3376 (ωειπάτρα
862 3307 977 3374 similia,
1009 3306 1232 3373 'Apptv10c2f›8,

133 3410 256 3475 Δρόμων
275 3409 336 3476 ⁴283,
366 3407 465 3474 Βαχχί(
484 3406 545 3474 315,
570 3407 706 3460 Ἰουδαία(
725 3406 759 3459 τὸ
777 3405 859 3470 γένο(
878 3405 1013 3458 Ἰουδαῖον
1031 3403 1093 3472 364,
1123 3403 1231 3468 Καρίων

132 3507 195 3574 367,
214 3506 308 3573 Δωρί(
326 3505 387 3560 428.

242 3603 271 3670 2)
290 3600 413 3657 Curtius
432 3599 546 3655 Aneod.
566 3599 672 3669 Delph.
693 3616 720 3668 p.
739 3599 782 3653 39.

241 3699 269 3766 3)
301 3697 410 3754 Similis
441 3699 518 3752 ratio
551 3702 596 3751 est
627 3697 707 3749 inter
738 3696 821 3749 ritae
852 3699 882 3749 et
913 3698 1072 3763 poetarum
1109 3694 1232 3747 nomina

134 3795 304 3849 auletarum
324 3795 418 3863 (quod
438 3795 591 3849 hominum
612 3806 711 3861 genus
738 3793 901 3846 maximam
930 3797 1046 3860 partem
1074 3806 1231 3845 servorum

132 3892 197 3945 looo
218 3897 322 3946 natum
343 3894 407 3959 ost),
426 3893 464 3945 de
485 3890 595 3959 quibus
615 3887 722 3943 Athen.
742 3887 812 3942 XIV
831 3905 858 3957 ρ.
879 3888 931 3942 624
945 3887 982 3941 Β;
1002 3887 1109 3952 ταύτην
1129 3887 1159 3940 δὲ
1178 3887 1232 3951 τὴν

135 3988 270 4054 ἁρμονίαν
289 3989 397 4054 Φρύγε(
417 3993 526 4054 πρῶτοι
544 3987 628 4053 εὗρον
649 3986 694 4038 καί
714 3984 943 4051 μετεχειρίεαντο.
963 3986 1006 4037 διὸ
1019 3986 1064 4036 καὶ
1077 3985 1144 4036 τοὺ(
1157 3983 1233 4049 παρὰ

134 4093 192 4140 ταί(
211 4087 336 4151 Ἕλληειν
357 4086 480 4151 αὐλητὰ(
499 4083 639 4150 Φρυγίου(
658 4085 703 4136 καί
735 4084 939 4147 δουλοπρεπεῖ(
966 4082 1017 4134 τὰ(
1044 4079 1232 4148 προ(ηγορία(

134 4186 206 4249 ἔχειν
226 4184 268 4251 (in
289 4185 352 4236 vita
371 4182 504 4250 scilicet).
524 4181 584 4236 οἷό(
603 4182 658 4235 terr
677 4181 781 4246 ὁπαρὰ
796 4180 927 4244 Ἀλκμᾶνι
940 4179 1066 4246 (ἀμβραε
1078 4181 1123 4232 καί
1136 4179 1232 4231 Ἀδων

134 4284 178 4333 καλ
197 4283 302 4348 Τῆλα(
322 4282 398 4347 παρὰ
418 4282 449 4334 δὲ
467 4281 635 4334 Ἱππώνακτι
656 4279 729 4332 Κίων
747 4281 792 4332 καί
812 4278 943 4331 Κώδαλο(
962 4277 1007 4330 καί
1027 4276 1123 4340 Βάβυε.
