2724 4794
592 273 765 326 ..44-

130 443 209 508 situs
241 443 441 524 describitur,
478 444 528 508 eui
565 444 642 520 μετὰ
676 443 815 518 γέλωτος
839 442 859 505 ὁ
884 442 951 519 βίος
987 442 1037 503 καὶ
1071 443 1228 518 τρυφῆς

131 558 318 642 (Antiplran.
336 559 385 622 Ill
403 559 444 623 19
462 559 534 639 (2)),
558 557 644 622 idem
668 557 736 620 fere
761 576 800 620 ae

236 672 711 752 (αρδανάπαλλοςΙΙΙῙύ,
736 673 763 734 1.
821 671 904 735 Nam
939 669 984 732 illi
1020 667 1231 752 Assyriorum

129 789 197 872 regi
222 787 465 871 proverbialiter
489 785 582 850 bomo
607 784 710 850 mollis
734 791 952 869 eomparatur:
986 781 1150 866 Aristoph.
1168 783 1232 848 Ar.

133 903 212 966 1021
242 909 274 966 et
298 901 405 967 Sebol.
441 901 519 965 Luc.
544 901 673 984 saepius
697 899 785 965 velut
809 900 876 963 lov.
902 907 985 982 trag.
1001 897 1055 962 48.
1081 896 1231 981 Apostol.

129 1015 190 1079 XV
207 1016 250 1079 33
275 1014 548 1094 (αρδαναττάλλου
566 1015 643 1092 βίος.
672 1012 762 1079 Suid.
786 1014 818 1077 iu
843 1036 873 1077 v.
897 1011 1127 1090 καταγηράςαις
1153 1010 1234 1089 (αρ-

129 1130 342 1194 δαναπάλλου
367 1129 622 1208 τρυφερώτερος.
656 1128 810 1192 Similiter

239 1243 430 1307 Κύναιθος
449 1243 497 1307 111
517 1244 546 1325 1,
566 1245 581 1306 1
601 1262 640 1307 ex
666 1243 732 1307 reri
757 1241 895 1307 hominis
910 1242 1046 1315 nomine,
1072 1241 1233 1305 Demetrii

130 1359 255 1424 scilieet
271 1358 471 1423 Polioreetae
495 1360 640 1444 parasiti,
665 1378 768 1443 paene
792 1356 1022 1441 appellativum
1039 1355 1163 1420 fautum
1183 1361 1236 1422 est

130 1475 176 1538 ita
211 1474 289 1541 Lue.
326 1475 422 1556 imag.
448 1475 491 1538 20
530 1481 563 1539 et
595 1474 637 1537 22
676 1477 735 1537 τοῦ
776 1473 933 1536 Κυναίθου
976 1470 1233 1550 κολακικώτερος

130 1597 328 1673 usurpatum.

237 1705 459 1783 Φιλάπορος
484 1704 592 1768 11135
616 1725 656 1768 ex
680 1702 819 1787 epistula
842 1702 1040 1785 intellegitur
1062 1707 1099 1765 ut
1121 1700 1234 1780 φίλων

130 1819 253 1898 ἄπορος
277 1820 346 1884 sivo
362 1827 570 1903 patronorum
584 1823 607 1898 1)
633 1820 701 1884 sire
717 1819 885 1898 sociorum,
910 1818 964 1900 qui
981 1815 1070 1881 ebori
1086 1815 1234 1880 membro

131 1934 296 2020 plandunt.
344 1935 456 1999 Potest
491 1933 588 1998 etiam
624 1936 753 2018 insuper
776 1933 910 2013 φιλότης
934 1931 1046 1998 sentiri
1079 1929 1233 2008 ἀπορίας,

130 2070 224 2133 quam
249 2050 396 2114 servituti
420 2069 455 2115 se
480 2049 643 2134 praeferre
667 2049 756 2113 laeto
780 2039 1061 2126 demonstrarirb.

239 2165 436 2244 Εὔβουλος
462 2164 581 2228 11139.
607 2164 798 2240 Γέμελλος
823 2162 942 2226 11139.
967 2162 1234 2225 Μανδυλοκο·

132 2281 279 2358 λάττης
304 2281 400 2344 1112.
441 2280 716 2358 Φρυγοκοίλης
742 2278 860 2342 11141.
909 2279 957 2341 De
992 2277 1042 2341 his
1078 2283 1235 2358 quattuor

133 2395 333 2460 coniecturas
357 2401 479 2458 tantum
497 2401 591 2458 eante
607 2392 751 2477 prolerre
767 2411 906 2476 possum.
953 2391 1117 2469 Εὔβουλος
1133 2389 1232 2454 homo

132 2510 283 2592 εὐβουλίᾳ
318 2508 532 2593 (Theopomp.
550 2509 581 2571 Il
599 2508 663 2571 813
688 2507 798 2585 ν.4ἡ
827 2507 902 2584 τρὺξ
935 2505 1064 2584 ἄριςτόν
1098 2505 1162 2567 ἐςτι
1186 2504 1232 2568 εἰς

133 2625 312 2703 εὐβουλίαν.
352 2623 523 2707 Antiphan.
551 2621 636 2686 1118
671 2620 759 2685 οἶνος
794 2620 863 2697 ἄγει
896 2622 954 2697 τὴν
977 2621 1099 2698 τόλμαν
1122 2618 1167 2682 εἰς
1192 2619 1232 2682 τὸ

132 2741 250 2819 πρόςθε
274 2744 329 2817 τῆς
353 2739 535 2818 εὐβουλίας)
550 2739 575 2813 3)
601 2735 776 2821 praeditus,
801 2737 855 2818 qui
879 2734 940 2799 sibi
964 2734 1034 2819 ipse
1059 2735 1139 2798 bene
1157 2753 1233 2798 eon-

132 2855 208 2920 sulit
231 2864 265 2918 ut
290 2854 418 2918 Petron.
443 2873 471 2917 e.
488 2851 530 2916 38
555 2851 608 2914 ille
646 2859 714 2934 „est
748 2859 854 2916 tamen
887 2851 945 2914 sub
978 2849 1076 2932 alapa
1099 2854 1132 2913 et
1164 2867 1230 2913 non

133 2970 201 3034 vult
224 2969 285 3034 sibi
309 2966 410 3033 male“
425 2971 461 3047 ⁴).
508 2969 620 3049 Neque
643 2967 740 3050 igitur
763 2967 938 3030 mutatione
962 2985 1042 3050 opus
1066 2971 1115 3029 est
1131 2962 1232 3042 Εὐβο-

234 3163 818 3232 1)1111φίλοιΕυύυ1.111961(1)αἱ).
858 3161 1015 3217 Contraria
1043 3161 1167 3230 parasiti
1197 3175 1231 3214 se

135 3261 254 3330 patroni
274 3261 386 3313 amieos
406 3260 584 3328 gloriantur,
611 3261 727 3313 etiamsi
748 3259 883 3327 plerique
904 3257 1001 3326 magis
1019 3259 1082 3322 περὶ
1101 3257 1231 3322 τάγηνον

135 3361 179 3410 καί
199 3355 257 3422 μετ’
277 3358 388 3422 ἄριςτον
407 3355 484 3422 φίλοι
504 3356 619 3425 (Eupol.
633 3357 658 3409 Il
675 3357 728 3410 489
747 3357 806 3422 (1)).

233 3454 261 3520 2)
280 3453 327 3506 lta
347 3468 415 3506 cum
435 3461 566 3522 utraque
595 3469 664 3522 pars
692 3454 837 3522 explicari
859 3454 959 3522 possit,
990 3467 1059 3505 eum
1078 3450 1231 3504 bleinelrio

134 3553 212 3618 φιλο·
232 3549 270 3602 ad
290 3549 474 3603 intellectum
494 3550 558 3603 fere
577 3549 733 3603 abundare
753 3564 813 3602 non
833 3555 944 3618 putem.

232 3647 260 3712 3)
280 3646 453 3715 Insequenti
468 3663 558 3700 versu
572 3647 610 3699 ad
624 3647 769 3710 εὐβουλίαν
789 3646 933 3700 alluditur
943 3647 1055 3711 νύκτωρ
1075 3644 1098 3697 δ’
1110 3645 1232 3698 αναςτάς

135 3743 232 3807 ἔτυχεν
251 3743 291 3796 ὧν
311 3744 450 3808 ἐβούλετο.

233 3839 261 3906 4)
291 3839 461 3894 Deuotatur
484 3855 522 3893 ne
542 3839 718 3908 parasitus?
754 3847 814 3905 ,est
842 3840 897 3892 sub
918 3838 1023 3908 alapa“
1055 3837 1229 3891 nominibus

135 3937 342 4000 Ἔτοιμόκοςςος
362 3937 507 3991 similibus
528 3937 708 4005 comparatis
732 3938 775 3989 ila
803 3937 948 4005 explicari
977 3940 1081 4004 potest.
1120 3935 1227 3997 Quam·

136 4047 225 4100 quarn
248 4033 353 4100 ,valde
373 4032 530 4086 sueossus“
546 4036 599 4099 est,
622 4033 754 4100 ,tamon“
770 4033 983 4087 Trimalchioni
997 4032 1140 4085 adulatur
1154 4036 1232 4084 tam·

136 4143 226 4196 quarn
246 4130 405 4199 parasitus,
435 4145 489 4183 suo
509 4130 621 4183 seilicet
641 4130 811 4183 commodo:
851 4146 928 4198 ,non
957 4129 1021 4182 vult
1041 4129 1097 4183 sibi
1125 4126 1231 4182 male“.

136 4224 213 4282 Tum
234 4240 363 4297 sequens
386 4225 520 4296 ,itaque“
541 4225 667 4279 liberius
686 4225 864 4280 adnectitur.
