2724 4794
578 296 753 354 -57-

128 469 288 535 rarissime
322 469 407 554 apud
442 471 582 555 tragicos
606 471 684 536 talia
716 471 930 555 inveniuntur,
964 492 1035 538 cum
1068 471 1130 537 illis
1158 492 1226 557 per-

129 585 215 650 sonis
238 585 443 650 inferioribus
466 591 502 649 ut
517 584 718 669 paedagogis
738 587 856 652 nuntiis
873 586 974 653 servis
990 586 1072 669 aliis,
1097 587 1227 671 propria

129 698 257 763 nomina
281 719 344 763 non
367 699 452 764 soliti
476 701 539 766 sint
563 701 734 784 imponere.

236 812 279 876 At
312 813 546 894 comoedia1)
572 813 671 898 digna
695 820 753 896 est,
788 813 828 878 de
852 835 915 897 qua
939 815 1040 880 fusius
1072 813 1226 898 dicamus,

129 927 279 1008 quoniam
303 935 335 991 et
357 926 561 1011 Alciphrcnis
585 929 706 992 fontem
734 929 943 1013 principalem
967 938 1039 994 sunt
1072 930 1127 1012 qui
1156 949 1227 995 eam

130 1042 310 1106 censuerint
326 1042 386 1106 viri
411 1042 497 1106 docti
522 1049 554 1106 et
578 1043 648 1127 ipsa
670 1042 828 1108 eiusmodi
843 1044 929 1109 lusus
953 1043 1104 1127 plurimos
1128 1044 1227 1108 maxi-

130 1175 241 1238 meque
265 1157 451 1242 perspicuos
467 1158 608 1242 praebet.
648 1159 685 1222 ln
702 1158 880 1239 antiquiore
897 1160 1054 1223 maximus
1077 1177 1227 1224 numerus

130 1269 290 1333 nominum
325 1270 522 1353 propriorum
559 1277 607 1334 est
643 1289 789 1335 verorum
824 1269 985 1337 hominurn
1018 1292 1096 1354 quos
1130 1279 1228 1356 poeta

131 1382 266 1466 deridet,
291 1385 376 1448 viros
397 1385 430 1448 in
455 1403 489 1448 re
514 1384 644 1468 publica
667 1391 823 1465 versatos,
852 1384 951 1451 duces
975 1386 1227 1470 magistratus2).

131 1499 249 1563 Postea
271 1488 388 1563 comici
409 1499 511 1564 minus
537 1497 677 1564 audaces
702 1498 891 1583 legibusque
915 1501 1020 1564 coacti
1044 1502 1228 1585 potentibus

131 1612 192 1676 illis
226 1631 400 1697 pepercere
430 1632 469 1678 ac
498 1618 611 1696 poetas
644 1613 694 1677 vel
729 1613 936 1698 philosophos
970 1616 1125 1695 imprimis
1159 1636 1228 1701 per-

131 1726 329 1809 stringebant
373 1763 415 1772 -
460 1747 500 1791 ne
544 1733 640 1792 antea
683 1727 811 1810 quidem
855 1730 1020 1813 neglectos
1057 1767 1101 1775 -
1141 1731 1227 1796 velut

132 1840 325 1925 Aeschylum
364 1841 552 1926 Euripidem
591 1840 783 1925 Sophoclem
823 1842 977 1908 Alcaeum
1025 1845 1228 1910 Anacreonta

132 1955 296 2021 Socratem
331 1955 498 2020 Platonem
531 1963 627 2037 atque
659 1955 784 2019 illorum
818 1963 994 2040 temporum
1020 1957 1228 2024 homunculos

132 2070 291 2154 sophistas
325 2073 461 2136 musicos
493 2071 662 2135 saltatores
694 2072 887 2138 meretrices.
940 2073 983 2136 At
1013 2073 1167 2157 paulatim
1201 2076 1228 2139 si

120 2192 290 2250 certorum
323 2184 513 2250 adferuntur
545 2186 689 2268 nomina,
725 2187 834 2251 statim
868 2205 976 2251 eorum
1010 2187 1088 2251 vitia
1111 2188 1228 2253 totiens

131 2299 236 2365 derisa
275 2299 449 2384 spectatori
488 2300 521 2362 in
559 2307 695 2377 mentem
734 2301 881 2365 veniunt:
921 2302 1048 2366 nomina
1087 2302 1119 2366 in
1157 2322 1229 2387 pro·

130 2416 274 2480 verbium
312 2421 465 2480 venerunt
493 2415 581 2479 velut
610 2415 754 2480 Timonis
777 2415 993 2500 Phrynondae
1025 2415 1229 2504 Laespodiae

131 2528 306 2613 Lamponis
338 2530 371 2593 in
403 2529 570 2595 comoedia
601 2535 719 2595 vetere.
766 2531 904 2596 Accedit
937 2531 1034 2597 aliud.
1086 2533 1130 2598 Ut
1161 2533 1229 2598 vita

132 2642 293 2708 cotidiana
321 2644 366 2708 ita
396 2643 562 2708 comoedia
591 2645 770 2709 nominibus
797 2646 934 2730 propriis
958 2644 1000 2710 ad
1024 2645 1229 2711 excitandum

131 2758 227 2823 risum
267 2759 375 2840 utitur,
420 2759 463 2824 ci.
495 2758 644 2824 Froehde
680 2780 710 2844 p.
740 2760 803 2824 134
824 2780 894 2842 sqq.
950 2762 1014 2826 Aut
1052 2781 1229 2828 verorum

132 2872 251 2938 formas
275 2871 445 2955 detorquet
474 2875 542 2939 sive
572 2873 757 2939 femininum
781 2895 839 2959 pro
864 2875 1040 2941 masculino
1064 2876 1230 2942 substituit

133 2987 218 3052 velut
253 2987 307 3051 Ar.
342 2987 471 3053 Thesm.
496 2988 560 3052 373
573 3007 642 3070 sqq.
682 2989 851 3067 Τιμόκλεια
890 2988 1027 3053 Λύςιλλα
1062 2988 1228 3069 (ωςτράτη

133 3102 175 3166 el.
191 3102 275 3168 Nub.
293 3102 480 3180 oua-679,
504 3103 559 3167 ubi
583 3103 758 3168 secundum
782 3103 906 3168 scholia
922 3103 1088 3183 (ωςτράτη
1105 3104 1229 3169 Sostra-

132 3223 196 3281 tum
222 3215 382 3299 quendam
413 3215 493 3281 dicit
532 3218 613 3282 διότι
641 3219 713 3282 λίαν
737 3217 867 3297 ἀςελγὲς
895 3217 935 3296 ῆν
964 3204 1015 3282 καλ
1048 3219 1229 3301 θηλυδρίας,

133 3338 164 3395 et
187 3331 246 3411 Eq.
263 3331 328 3395 969
353 3330 498 3412 (μικύθη,
532 3332 600 3396 sive
635 3331 749 3396 litteris
774 3331 824 3396 vel
859 3332 933 3397 totis
968 3331 1113 3416 partibus
1148 3353 1229 3397 ccm-

132 3447 263 3511 mutatis
300 3445 467 3511 ridiculum
507 3467 631 3512 sensum
671 3446 776 3513 elficit
822 3448 910 3512 velut
948 3448 1002 3512 Ar.
1043 3448 1138 3532 Vesp.
1163 3448 1228 3512 592

134 3560 366 3640 Κολακώνυμος
388 3582 446 3646 pro
471 3562 654 3646 Cleonymo,
690 3562 732 3626 ib.
758 3562 823 3627 836
848 3562 952 3642 Λάβης
987 3583 1045 3647 pro
1074 3560 1229 3645 Lachete,

134 3675 192 3756 Eq.
218 3675 283 3740 449
318 3676 457 3755 Βυρσίνη
488 3697 545 3760 pro
579 3675 765 3761 Myrrhina;
805 3683 860 3742 aut
893 3697 933 3742 cx
969 3677 1052 3742 veris
1085 3696 1229 3742 verorum

133 3788 293 3854 hominum
327 3790 507 3856 nominibus
531 3791 625 3876 plane
658 3811 742 3855 nova
770 3790 917 3856 inaudita
948 3811 1049 3873 eaque
1073 3791 1230 3856 iocularia

135 3915 349 3924 —-—.———-.

241 3986 268 4051 1)
288 3983 332 4040 Of.
351 3985 496 4054 Froehde‚
516 3985 551 4039 D.
572 3986 707 4040 Technik
729 3987 756 4039 d.
776 3986 825 4040 alt.
846 3991 896 4039 att.
917 3984 1084 4040 Komoedie
1104 3986 1181 4040 1898.

240 4081 268 4148 2)
288 4081 480 4151 Aristophan.
499 4081 570 4135 Pac.
584 4081 634 4135 751
656 4081 805 4151 gloriatur
824 4082 876 4135 οὐκ
895 4082 1008 4136 ἰδιώτας
1020 4083 1231 4148 ἀνθρωπίςκους

133 4179 281 4247 κωμῳδῶν
308 4179 374 4232 οὐδὲ
398 4186 541 4243 γυναῖκας,
577 4179 636 4232 ἀλλ’
656 4179 823 4245 Ἡρακλέους
853 4179 942 4245 ὀργήν
973 4178 1025 4232 τιν’
1057 4180 1129 4243 ἔχων
1162 4183 1232 4233 τοῖςι

134 4275 269 4341 μεγίςτοις
289 4274 431 4342 ἐπεχείρει.
787 4267 789 4275 “
