2724 4794
594 265 770 333 ..μμ

128 450 263 536 pulcher
274 440 358 515 Xen.
369 448 452 536 Eph.
464 449 513 515 ΙΙΙ
525 453 556 533 2,
569 453 601 515 2.
636 449 766 516 Ἄνθεια
777 471 859 537 pers.
871 451 972 537 princ.
986 452 1070 519 Xon.
1082 445 1227 539 Ephesii.

130 567 260 630 Λεύκων
273 570 297 646 ¹)
319 586 431 631 seruus
450 566 533 629 ch.
550 565 633 650 Eph.
652 567 732 646 112,
749 568 780 631 3.
828 567 991 646 Λευκίππη
1016 590 1101 653 pers.
1125 571 1227 654 princ.

129 680 210 745 Aah.
228 681 326 745 Tatii.
361 681 516 760 Μυρτάλη
529 679 631 763 Long.
647 682 661 745 Ι
677 682 709 762 3,
728 687 756 745 1.
782 681 907 746 Theod.
925 683 977 748 Pr.
995 683 1010 746 I
1031 684 1103 748 163.
1141 685 1227 764 Μυρ-

128 795 242 873 τιπνόη
267 794 391 861 Theod.
415 794 526 860 Prodr.
544 796 578 858 Π
593 796 647 860 53.
694 797 815 874 Μυρτώ
849 816 943 861 serva
967 798 1043 861 Ant.
1072 799 1168 880 Diog.
1195 798 1227 862 3.

130 910 202 976 Nic.
219 910 303 993 Eug.
320 910 369 973 ΙΙΙ
385 911 460 975 263.
509 912 661 990 Μυρτίων
683 911 726 976 ib.
744 910 806 974 Vll
830 911 904 975 136.
951 912 1101 990 Μύριλλα
1121 949 1163 958 -
1186 911 1227 977 de

129 1024 232 1087 torma
259 1026 304 1090 cl.
320 1032 449 1108 practer
462 1025 640 1104 Χρύςιλλαν
653 1027 836 1104 Δρόςιλλαν
864 1047 948 1110 pers.
976 1028 1078 1110 princ.
1092 1029 1227 1094 Nicetae

131 1139 212 1221 Eug.
242 1176 284 1185 —
313 1138 437 1203 Theod.
463 1140 514 1204 Pr.
533 1140 580 1203 IX
597 1141 628 1204 6.
685 1139 847 1217 Ἡδυπνόη
872 1141 943 1206 Nic.
968 1141 1052 1224 Eug.
1072 1142 1133 1205 Vll
1154 1142 1226 1206 136.

129 1252 286 1331 Ῥοδάυθη
323 1273 405 1338 pers.
441 1255 541 1338 princ.
566 1253 728 1319 Theodori
752 1253 864 1318 Prodr.
887 1254 904 1317 I
926 1255 967 1319 37
981 1274 1051 1337 sqq.
1098 1253 1193 1333 Ῥόδη
1202 1258 1226 1336 2)

130 1367 232 1450 Long.
250 1368 296 1432 lV
309 1368 363 1450 36,
379 1369 410 1431 3.
435 1388 530 1439 serra
541 1369 625 1432 Xeu.
639 1368 721 1452 Eph.
736 1369 769 1432 ll
786 1369 817 1449 2,
834 1369 866 1432 3.
912 1367 1089 1447 Ῥοδογύνη
1106 1370 1227 1433 femina

130 1482 342 1566 pulcherrima
377 1482 498 1547 Charit.
526 1481 680 1567 ‚Aphrod
702 1483 731 1547 V
751 1483 782 1564 3,
805 1485 837 1548 4.
892 1483 1030 1561 Ῥοδόπη
1066 1485 1227 1562 παρθένος

130 1596 277 1662 Eustatlr.
294 1597 342 1660 IX
359 1597 391 1679 3,
407 1597 438 1662 2.
484 1596 638 1675 Ῥοδάνης
662 1618 745 1680 pers.
771 1599 873 1681 princ.
898 1597 1065 1662 lamblichi
1083 1598 1114 1661 2.
1160 1597 1227 1661 ‘Po-

134 1715 233 1775 δῶπις
258 1715 311 1792 (cx
336 1709 538 1788 Herodoto?)
561 1712 712 1775 meretrix
736 1709 863 1776 Heliod.
880 1712 982 1776 1125.

235 1846 264 1900 γ.
290 1823 720 1908 Epistolographorum
745 1824 883 1907 denique
900 1825 1107 1910 inspiciamus
1132 1826 1228 1888 nomi-

129 1959 203 2003 num
226 1938 393 2002 rationem.
441 1937 633 2004 Aelianus
657 1959 731 2002 num
755 1938 981 2023 Aleiphronem
1012 1940 1154 2004 imitatus
1187 1941 1229 2004 sit

133 2053 244 2117 dubito
253 2055 295 2134 ³),
313 2058 439 2117 constat
455 2052 588 2116 alterum
606 2054 648 2118 ab
663 2053 795 2118 alterius
811 2055 1006 2138 temporibus
1018 2074 1081 2117 oon
1096 2054 1229 2118 multum

130 2166 260 2233 distare.
308 2168 515 2232 Inveniuntur
531 2166 617 2251 apud
636 2187 707 2233 eum
731 2169 883 2232 rustica
903 2166 1076 2247 Ἀνθεμίων
1101 2169 1229 2247 Κωμαρ-

130 2283 219 2361 χίδης
243 2282 428 2361 Φιλέριφος.
458 2317 491 2326 -
522 2281 645 2345 Βαίτων
674 2280 731 2362 (ad
756 2283 867 2361 βαίτην
890 2281 1112 2346 vestimentum
1138 2283 1229 2346 rusti-

133 2399 217 2475 cum)
243 2397 377 2475 Κνήμων
389 2397 565 2475 Δρωπαῑος
590 2400 624 2477 (a
639 2397 819 2477 ope'rrer'?);
845 2417 890 2461 ex
909 2417 948 2461 re
964 2397 1068 2461 electa
1081 2397 1229 2475 ‘llpe'prnv

132 2512 314 2590 ὁμαλακός
339 2509 470 2589 Ὀπώρα
508 2512 658 2575 meretrix
694 2511 846 2576 Φυλάςιυι
883 2510 937 2591 (ad
962 2512 1099 2592 φυλήν);
1136 2511 1229 2592 quasi

131 2626 282 2690 nobilia
306 2626 479 2702 Καλλικλῆς
505 2625 720 2703 Καλλιππίδης
744 2626 906 2704 Λαμπρία(
937 2625 1042 2703 Λάχης
1067 2625 1230 2702 Φαιδρίας.

238 2739 316 2804 Cum
347 2746 459 2824 postea
492 2740 692 2823 scriptorum,
727 2761 806 2822 quos
836 2741 1046 2821 imitarentur,
1080 2759 1230 2803 numerus

131 2856 242 2937 minor,
282 2855 442 2919 neminum
477 2854 518 2917 ab
547 2854 625 2938 ipsis
649 2855 832 2919 auctoribus
864 2853 1012 2918 fictorum
1036 2853 1138 2917 maior
1176 2853 1230 2933 sit,

133 2977 204 3055 post
245 2969 471 3053 Aleiphronem
510 2969 786 3032 Aristaenetus
825 2975 862 3032 et
900 2966 1231 3051 Theophylaetus

132 3086 248 3148 elarius
271 3082 405 3147 eandem
440 3083 594 3146 rationem
630 3081 802 3146 ostendunt
837 3081 1053 3164 iudiciumque
1087 3088 1230 3146 nostrum

132 3199 334 3263 confirmant.
370 3197 634 3281 Theoplrylaetus
650 3199 704 3278 qni
721 3198 806 3262 solus
822 3196 1084 3281 agricolarum
1100 3197 1231 3260 nomina

133 3314 264 3397 praeiret
299 3333 339 3376 ex
363 3313 452 3395 poesi
478 3312 624 3378 bucolica
650 3312 823 3390 Κορύδωνα
851 3319 883 3375 et
906 3311 1067 3390 (ιμιχίδαν
1095 3308 1231 3374 adhibet

132 3429 234 3508 iisque
258 3428 402 3510 proxima
419 3427 580 3506 Μόςχωνα
603 3435 636 3494 et
651 3428 833 3508 Δάφνωνα.
870 3425 992 3491 Eadem
1009 3425 1132 3489 ratione
1148 3425 1231 3488 fieta

239 3690 266 3752 1)
286 3687 328 3742 Cf.
348 3686 470 3742 Aristot.
488 3689 653 3758 Physiogn.
674 3689 728 3742 c.3
747 3689 800 3742 ubi
820 3706 848 3758 p.
861 3687 974 3742 808b4
993 3687 1097 3752 λάγνου
1116 3692 1230 3751 ςημεῖα·

132 3787 291 3852 λευκόχρως
309 3787 354 3838 καί
374 3786 456 3838 δαςὺς
475 3786 594 3840 εὐθείαις
612 3789 680 3853 epist
700 3789 745 3839 καί
764 3786 890 3852 παχείαις
915 3786 959 3838 καί
980 3782 1138 3850 μελαίναις.
1165 3782 1230 3836 Hoc

133 3883 222 3934 ctiam
243 3883 273 3934 in
293 3883 466 3936 nominibus
486 3883 606 3937 eroticis
625 3898 692 3937 eum
713 3883 785 3951 κόμῃ
805 3883 978 3951 compositis
997 3879 1170 3934 tenendum.

240 3977 268 4043 2)
287 3977 332 4031 De
351 3979 522 4032 nominibus
542 3994 609 4032 cum
630 3980 706 4032 ἄνθει
726 3985 756 4032 et·
775 3980 851 4047 ρὸδω
873 3977 1045 4048 compositis
1071 3976 1108 4028 et.
1128 3974 1227 4028 Plaut.

133 4073 316 4127 Menaechm.
338 4073 388 4126 191
408 4075 461 4127 ubi
480 4091 552 4128 rosa
571 4075 684 4128 blanda
704 4075 854 4129 allocutio.

240 4168 268 4236 3)
288 4168 380 4222 Reieh
400 4184 427 4236 p.
446 4168 554 4237 33sqq.
583 4184 644 4222 non
670 4170 791 4222 omnino
819 4169 891 4222 mihi
920 4169 1079 4237 persuasit,
1111 4167 1229 4220 etiamsi

134 4282 202 4320 eum
222 4265 414 4319 verisimilem
434 4265 555 4332 quidem
576 4267 749 4335 opinionem
768 4250 939 4334 prodidisse
960 4265 1041 4318 haud
1062 4278 1151 4332 nego.
