2724 4794
675 301 852 355 „52-

216 475 669 559 poribusitafrequensutvol.
680 477 726 539 lll
738 477 811 561 plus
822 496 916 558 quam
927 477 1113 560 septuagies
1123 476 1315 542 inveniatur.

215 589 294 653 Luc.
318 590 502 654 consimili
527 588 737 673 paedagogus
762 593 905 674 (propter
927 590 1104 656 Alcibiadis
1128 592 1314 673 magistrum

215 704 299 769 Plut.
317 704 421 768 Alcib.
439 725 470 788 p.
487 704 548 767 122
565 703 669 786 ΑΒῬ),
687 702 727 768 de
741 724 836 769 merc.
855 704 947 769 cond.
965 705 1007 768 23
1020 707 1057 768 τὸ
1070 706 1110 783 μὴ
1123 705 1316 783 Πυρρίωνος

200 821 295 900 μηδὲ
327 818 542 896 Ζωπυρίωνος
580 818 650 882 υἱόν
686 816 767 881 εἶναι
802 801 962 882 hominem
995 838 1058 882 non
1094 814 1221 882 servum
1259 817 1313 883 sed

216 936 387 1017 ingenuum
410 931 569 1015 designat.
606 932 797 1010 Ζωπυρῖνος
822 932 1023 1010 ὀψοποιητής
1050 933 1162 996 Baton.
1182 932 1313 996 1V501.

215 1049 410 1126 Πυρρίας
445 1046 743 1131 pastorisll39,1
782 1066 896 1110 nornen
931 1046 1025 1127 servi,
1062 1046 1117 1109 hr.
1141 1045 1225 1109 Rau.
1252 1045 1314 1109 730

214 1182 317 1248 paene
341 1161 528 1246 appellativi
553 1163 653 1225 instar
676 1165 743 1224 τοῖς
767 1161 869 1225 Ξένοις
894 1162 945 1225 καὶ
968 1160 1114 1239 πυρρίαις
1140 1161 1192 1223 καὶ
1216 1179 1313 1237 πονη·

215 1281 321 1356 ροῐς..
346 1277 494 1355 χρώμεθα
529 1272 612 1357 (ἀντὶ
641 1279 699 1340 τοῦ
736 1275 863 1339 δούλοις
888 1274 1042 1356 Scholia),
1078 1272 1153 1338 inde
1188 1294 1220 1337 v.
1248 1272 1312 1337 308

212 1391 472 1468 ὑπερεπυρρίαςε.
519 1390 568 1452 Ex
608 1388 774 1454 comoedia
812 1388 950 1453 Herond.
969 1388 996 1452 V
1012 1389 1115 1470 9sqq.
1142 1386 1314 1471 Pyrrhiam

213 1525 350 1587 servum,
374 1503 454 1568 Luc.
488 1524 634 1587 neopum.
654 1503 693 1566 15
718 1503 887 1587 Pyrrhiam
916 1523 1027 1568 cocum
1043 1505 1067 1583 1)
1103 1501 1314 1566 humillimum

216 1619 447 1702 Agamemnoni
473 1619 677 1699 contrarium,
702 1617 785 1680 Tim.
798 1618 841 1680 22
862 1617 1030 1701 Pyrrhiam
1055 1637 1125 1681 curn
1150 1616 1315 1681 Dromone

214 1740 246 1799 et
271 1733 364 1797 'libio
379 1734 404 1810 ²)
440 1751 567 1797 servum
602 1738 805 1814 acceperunt.
853 1730 1041 1810 Δρόμων
1065 1731 1115 1794 ΙΙΙ
1138 1730 1233 1811 21,1
1274 1750 1315 1794 ex

213 1846 300 1911 servi
325 1843 445 1908 virtute
469 1841 644 1907 festinandi
662 1841 881 1926 (Aristophan.
899 1843 930 1907 ll
950 1842 1046 1907 1072.
1071 1842 1153 1907 Μου.
1172 1843 1217 1906 IV
1235 1844 1314 1908 283.

214 1960 318 2022 Plaut.
345 1958 443 2022 Poen.
460 1958 524 2020 522
539 1959 564 2036 ³)
590 1958 623 2020 in
651 1955 825 2049 comoedia
841 1956 992 2038 frequens
1020 1963 1069 2022 est
1097 1958 1139 2021 cf.
1162 1957 1315 2022 Schmidt

213 2095 245 2157 p.
266 2073 337 2137 187.
355 2071 435 2136 Luc.
460 2071 535 2135 dial.
561 2091 637 2136 mer.
659 2071 747 2152 10‚4
771 2070 853 2134 Tim.
872 2091 899 2135 c.
916 2071 969 2134 22.
1019 2069 1182 2149 Εὔδρομος
1198 2090 1315 2138 servus

213 2187 317 2270 Long.
334 2187 413 2250 lVb
437 2186 523 2250 οὕτω
547 2186 607 2264 γὰρ
632 2187 787 2267 ἐκαλεῖτο,
811 2186 861 2249 ὅτι
884 2184 924 2264 ἦν
948 2184 1036 2269 αὐτῷ
1060 2185 1156 2264 ἔργον
1172 2187 1314 2266 τρέχειν.

210 2304 456 2381 Παρμένων
481 2302 513 2365 ll
538 2303 628 2382 18,1
667 2306 699 2364 et
736 2300 1051 2380 ἈςφαλίωνΙΙΙ
1075 2301 1173 2382 27,1
1211 2300 1314 2368 fausti

213 2417 327 2482 ominis
351 2418 457 2500 gratia
481 2415 583 2480 indita
595 2417 633 2498 ⁴),
658 2413 743 2497 quod
767 2414 820 2479 hie
843 2414 911 2480 fide
934 2415 1060 2498 probat,
1084 2414 1167 2479 alter
1183 2413 1314 2480 irritum

213 2530 328 2596 reddit.
376 2529 532 2614 Asphalio
557 2529 672 2612 Odyss.
691 2529 735 2592 lV
753 2529 818 2592 216
834 2547 946 2593 servus
961 2526 1213 2593 Pseudotheocr.
1228 2528 1315 2593 XXI

215 2646 366 2730 piscator.
413 2646 463 2709 De
487 2644 686 2708 Parmenone
721 2640 907 2708 comoediae
941 2661 1078 2726 persona
1108 2663 1137 2710 v.
1162 2641 1316 2708 Schmidt

313 2824 340 2888 1)
359 2822 469 2875 Fuitne
488 2822 518 2873 in
539 2820 696 2874 comoedia
710 2819 811 2889 aliqua
827 2819 969 2888 Pyrrhias
983 2833 1074 2872 cocus
1087 2818 1224 2887 ridicule,
1239 2835 1313 2874 cum

210 2921 311 2989 ignem
332 2924 461 2982 curaret,
481 2933 499 2970 a
510 2931 615 2971 comae
633 2917 724 2971 rubro
743 2918 816 2986 igne
835 2916 953 2984 (πυρρὸς
970 2915 1005 2981 ἣν
1018 2917 1072 2981 τὴν
1085 2917 1177 2982 κόμην
1187 2913 1315 2971 Scholia

211 3016 249 3070 de
268 3015 396 3085 Pyrrhia
415 3012 465 3068 Ar.
486 3015 560 3067 Rau.
580 3013 644 3081 730)
660 3011 854 3067 nominatus?

308 3112 337 3178 2)
356 3111 553 3180 gentilicium.
590 3108 696 3180 Synes.
716 3125 763 3180 ep.
782 3111 800 3163 3
830 3109 1064 3179 proverbialiter
1083 3108 1122 3162 εἰς
1141 3107 1248 3163 (ωςίας
1265 3114 1314 3164 καὶ

209 3207 327 3273 Τιβίους.

309 3304 337 3370 3)
356 3304 395 3357 ib.
419 3304 529 3357 dicitur
548 3301 658 3358 liberos
676 3299 813 3358 homines
839 3316 898 3371 per
925 3301 1031 3356 urbem
1058 3297 1177 3356 modico
1205 3299 1314 3371 mapis

207 3415 268 3468 par
287 3401 330 3453 est
348 3400 451 3469 prada
469 3398 521 3454 ire.
560 3399 683 3453 ldemne
703 3399 740 3452 de
760 3396 884 3453 Graecis
904 3396 1008 3452 valet?

245 3511 247 3514 ·
310 3497 338 3563 4)
357 3496 549 3550 Parmenone
576 3499 610 3548 ut
638 3494 801 3561 l'luppcvlbu
820 3494 1008 3560 Παρμενίωνα
1027 3491 1210 3559 Παρμονίδην
1231 3493 1312 3560 Παρ-

210 3594 323 3660 μενίδην
341 3592 535 3660 Παρμενίςκον
555 3607 623 3646 curn
644 3592 876 3660 simplicioribus
896 3590 1066 3658 Παράμονος
1085 3589 1126 3653 (P.
1148 3587 1181 3642 B.
1200 3605 1229 3658 p.
1243 3589 1310 3655 205)

209 3691 364 3757 Παραμονή
393 3689 426 3744 Ε.
456 3689 577 3744 Curtius
606 3688 711 3742 anecd.
742 3688 847 3758 Delph.
877 3705 905 3758 p.
924 3689 959 3742 39
987 3687 1027 3740 ad
1055 3685 1310 3752 recommota.

210 3788 292 3857 qnod
311 3785 392 3840 inter
411 3785 560 3854 scriptam
579 3787 727 3839 atratum
754 3783 1027 3839 manumissionem
1056 3779 1218 3837 intercedit
1236 3783 1309 3836 tem·

206 3882 293 3952 poris
312 3885 414 3949 refert,
441 3883 523 3936 unde
552 3883 590 3935 ab
620 3882 738 3950 origine
766 3896 874 3935 servus
902 3882 1027 3934 libertus
1056 3879 1192 3934 nondum
1221 3879 1308 3947 liber,

210 3985 314 4049 postea
335 3981 416 4033 cives
436 3980 583 4034 nominati
600 3979 668 4044 sint,
690 3979 772 4045 quod
792 3978 931 4031 subtilius
951 3991 1042 4046 quarn
1061 3976 1163 4031 verius
1183 3975 1308 4044 excogi-

209 4081 303 4130 tatum
324 4076 395 4128 mihi
414 4075 542 4129 videtur.
580 4074 634 4128 Vel
663 4074 700 4127 de
729 4076 811 4128 vitae
839 4074 1010 4127 nominibus
1039 4073 1114 4126 haec
1142 4071 1308 4141 explicatio

209 4172 339 4224 maxime
350 4173 434 4238 mira,
454 4171 613 4225 comoedos
630 4171 716 4224 aliter
735 4170 887 4224 iudicasse
900 4169 1009 4222 Donat.
1021 4168 1060 4222 ad
1070 4167 1137 4222 Ter.
1148 4165 1277 4236 Adelph.
1290 4168 1305 4220 1

208 4283 313 4322 seruus
330 4266 429 4336 fidelis
448 4269 600 4321 Parmeno
629 4273 659 4320 et
678 4266 835 4320 Helladius
863 4265 946 4335 apud
965 4265 1049 4318 Phot.
1079 4265 1149 4318 bibl.
1170 4281 1197 4332 p.
1216 4262 1306 4318 532Β
