2724 4794
637 278 811 331 -12..

56 472 58 477 ·
178 452 274 517 etiam
300 451 410 516 dorica
442 451 506 514 iam
546 455 660 531 quarto
695 449 824 514 saeculo
859 449 1032 532 inrepsisse
1065 450 1148 513 tituli
1173 448 1276 514 Attici

179 567 304 631 docent.
352 565 509 650 Exempla
533 565 697 646 quaerenti
715 564 766 628 Pr.
785 565 850 627 Att.
876 572 926 628 sat
943 564 1040 628 multa
1057 564 1279 648 suppeditabit

179 682 265 746 velut
296 681 509 758 Μναςαγόρας
537 680 657 761 10221,
694 681 842 743 Μναςέας
876 679 1158 762 10228-10232,
1190 682 1277 743 Μνα-

64 874 66 878 .
179 799 245 861 ςίας
272 797 394 878 10234,
420 798 600 872 Μναςικλὴς
628 794 749 877 10235,
775 796 916 859 Μνάςων
942 795 1064 875 10236,
1093 794 1278 872 Τιμαςίθεος

183 911 304 978 13640.
329 911 450 974 13641.
483 910 552 976 Νοο
576 909 679 973 minus
702 908 831 974 nomina
847 930 867 972 a
883 912 982 988 δᾶμος
1007 908 1153 973 derivata
1169 927 1277 972 oecur-

180 1035 264 1106 runt,
304 1026 392 1089 velut
431 1023 644 1103 Δαμοκράτης
668 1025 766 1106 3121,
806 1025 1007 1102 Δαμόκριτος
1031 1023 1130 1105 2123,
1169 1022 1278 1100 Δαμό-

179 1161 310 1219 ςτρατος
335 1140 420 1204 3121
430 1143 452 1221 ¹,
486 1138 678 1218 Ἀρχέδαμος
703 1139 801 1220 2312,
835 1137 1021 1217 Ἀρχίδαμος
1046 1136 1278 1217 2482-2488,

181 1256 370 1333 Μενέδαμος
387 1254 484 1335 9888,
509 1255 730 1333 (τρατόδαμος
758 1254 879 1317 12924.
927 1253 1010 1317 Hinc
1027 1252 1147 1316 factum
1165 1258 1223 1332 est,
1245 1255 1279 1314 ut
1323 1291 1325 1294 -

181 1371 275 1434 ctiam
288 1367 373 1452 apud
384 1370 555 1451 scriptores
567 1369 691 1434 Atticos
705 1367 814 1433 dorica
831 1369 957 1432 nomina
969 1367 1179 1449 inveniantur,
1203 1385 1278 1447 quo-

180 1505 246 1548 rum
264 1489 387 1567 partem
401 1484 464 1547 iam
477 1483 626 1547 Meinehe
651 1482 801 1547 editionis
824 1503 902 1547 suae
916 1504 945 1565 p.
959 1483 1002 1546 90
1019 1482 1157 1565 collegit.
1184 1479 1278 1543 Addo

181 1597 329 1677 Εὔδαμον
349 1597 447 1662 Arist.
466 1597 549 1661 Plut.
568 1598 643 1676 884,
668 1596 829 1675 Ἑμβάδαν
853 1598 951 1680 Anyti
975 1595 1061 1681 apud
1080 1596 1278 1680 Theopomp.

181 1713 350 1790 1181315)
376 1731 543 1793 agnomen,
569 1710 745 1788 sepultor
761 1710 840 1774 Luc.
866 1710 941 1775 dial.
959 1731 1035 1775 mer.
1054 1713 1088 1774 11
1115 1711 1279 1794 ipsiusque

181 1827 385 1910 Alcipluouis
402 1827 607 1904 Δρυαντίδαν
621 1826 684 1889 118
709 1830 741 1889 et
758 1825 996 1905 Ἀκρατολύμαν
1014 1827 1062 1889 111
1079 1823 1157 1903 162).
1193 1825 1278 1889 Fieri

181 1961 257 2005 sane
282 1946 399 2024 potest,
424 1945 457 2002 ut
482 1960 672 2021 quamquam
703 1940 913 2022 nobilitatem,
947 1948 1053 2004 tamen
1078 1941 1277 2024 peregrinam

182 2053 341 2137 quandam
366 2053 564 2118 honestatem
590 2053 734 2138 sophista
765 2055 891 2119 nominc
924 2056 1102 2139 exprimere
1133 2055 1278 2119 voluerit.

182 2170 231 2232 An
266 2189 426 2252 paganam
462 2167 632 2250 designare
664 2169 765 2232 voluit
797 2168 974 2232 feminam?
1014 2190 1107 2251 quam
1144 2169 1280 2234 nominis

159 2319 162 2334 ·
182 2281 320 2346 formam
338 2279 453 2344 decere
470 2280 516 2344 10
535 2281 565 2342 11
583 2281 669 2344 2252
687 2278 781 2345 docet
797 2281 901 2344 Laruii
919 2281 1082 2346 cuiusdam
1100 2284 1279 2365 sepulcrum

182 2396 300 2481 pagani
325 2394 426 2458 Attici
451 2394 645 2474 Δαμοφίλου
670 2395 740 2458 filii.
789 2396 850 2459 Per
874 2416 908 2460 se
931 2397 1030 2480 etymi
1049 2418 1145 2463 causa
1166 2419 1279 2463 nomeu

127 2533 131 2537 ·
182 2531 244 2575 nou
269 2508 527 2573 honestissimum
551 2515 609 2590 cst,
635 2510 768 2588 δημόται
784 2510 867 2575 Xen.
892 2530 1020 2575 memor.
1040 2511 1053 2574 l
1070 2513 1101 2593 2,
1118 2512 1160 2576 58
1179 2532 1281 2596 paene

183 2623 270 2688 idem
296 2631 369 2687 sunt
394 2644 433 2686 ac
459 2625 592 2701 πένητες
616 2630 713 2705 atque
737 2625 768 2688 in
786 2625 841 2689 ΑΡ
859 2624 1077 2691 humilioribus
1101 2626 1281 2692 hominibus

183 2760 295 2804 nomen
322 2739 427 2817 Δᾶμις
452 2740 633 2824 impositum
658 2741 837 2806 invenimus
862 2741 1067 2808 venatoribus
1096 2742 1146 2806 vel
1179 2743 1281 2826 pisca·

183 2854 314 2936 toribus,
340 2852 388 2918 his
413 2854 547 2919 111230
572 2853 681 2932 Quinti
706 2854 823 2920 Maeuii
854 2863 886 2920 et
911 2857 955 2920 Vl
982 2857 1044 2921 193
1070 2857 1189 2938 Flacci,
1226 2857 1280 2921 ubi

183 2968 358 3047 Δαμοίτας.

287 3109 317 3172 5.
354 3106 408 3171 Ad
432 3128 586 3173 summam
611 3128 651 3172 ex
675 3108 724 3174 his
749 3129 831 3191 quae
855 3132 875 3174 a
897 3111 989 3176 nobis
1019 3109 1182 3195 disputata
1206 3119 1279 3175 sunt

183 3223 267 3287 idem
293 3221 334 3286 de
357 3224 537 3288 nominibus
561 3222 706 3288 efficitur
729 3245 768 3289 ac
792 3223 833 3288 de
857 3225 1003 3308 epistulis
1026 3226 1115 3309 ipsis.

290 3337 330 3402 Ut
354 3337 436 3401 baec
472 3359 534 3401 non
569 3338 710 3421 singulos
747 3338 888 3404 homines
924 3349 1210 3408 eorumnaturam
1237 3342 1281 3404 in-

184 3451 355 3533 dolemque
379 3450 565 3517 describunt
588 3454 634 3517 ita
657 3452 785 3517 nomina
811 3455 967 3538 epistulae
1001 3456 1182 3538 anteposita
1218 3473 1280 3517 non

184 3566 225 3630 ad
250 3567 395 3649 singulae
420 3574 651 3650 argumentum,
691 3567 748 3633 scd
781 3569 824 3633 ad
859 3571 1039 3634 uuiversum
1073 3569 1278 3652 piscatorium

184 3701 284 3763 genus
309 3680 472 3747 recedunt.
520 3681 611 3760 Quod
636 3684 667 3746 in
692 3703 742 3766 cp.
768 3684 782 3746 l
807 3685 821 3746 1
849 3683 890 3748 ad
912 3682 1160 3766 Philosoaphum
1185 3684 1283 3749 missa

292 3959 318 4022 1)
337 3959 498 4012 Nominum
514 3975 567 4028 per
578 3960 670 4024 Δαμο-
682 3960 889 4027 incipientium
911 3976 1008 4029 pauca
1029 3962 1168 4031 exempla
1182 3962 1279 4031 elegi,

185 4057 221 4107 ct‘.
234 4055 279 4107 Pr.
295 4055 355 4108 Att.
377 4055 565 4110 3114-3144.

294 4153 320 4214 2)
341 4152 457 4216 Quuibus
478 4153 514 4205 de
535 4156 634 4207 causis
654 4154 756 4207 dorica
785 4156 907 4207 nomina
935 4157 966 4208 in
998 4157 1078 4210 vasis
1098 4154 1204 4210 Atticis
1234 4171 1285 4224 ap·

185 4256 316 4320 pareant
336 4267 362 4302 v.
383 4251 550 4304 Kretschm.
571 4268 599 4321 p.
619 4251 653 4305 ’19
663 4267 726 4321 sqq.
747 4253 783 4305 ct.
804 4268 831 4321 p.
852 4251 914 4306 212,
