2724 4794
550 304 726 360 ,13-

89 485 257 565 (καρίδιον
287 493 552 551 commemoratur
576 491 608 550 et
632 484 754 551 Eudius
787 484 828 550 de
857 486 1029 550 serenitate
1067 492 1186 567 narrat,

89 601 198 683 magni
222 601 373 665 momenti
396 621 458 665 non
483 608 542 682 est,
567 602 756 685 praesertim
781 621 851 665 cum
877 607 909 665 et
926 622 987 666 vox
1004 602 1075 685 ipsa
1098 602 1187 665 ebbio

89 714 141 794 §3
165 716 324 797 glossema
353 717 395 780 sit
418 722 450 780 et
476 717 556 780 caeli
580 718 736 782 serenitas
760 716 815 780 vix
832 715 994 782 minusad
1012 717 1186 799 agricolam

89 830 259 914 pertineat,
300 831 440 914 piscator
464 850 541 913 ergo
566 852 629 895 non
653 830 739 896 clare
758 826 933 895 indicetur.
981 832 1092 897 Potius
1114 838 1187 916 post

91 944 224 1028 primam
243 944 412 1029 epistulam
429 944 469 1009 de
482 946 604 1029 γαλήνῃ
622 953 770 1029 agentem
787 946 983 1028 insequentis
1000 947 1186 1030 scriptorem

87 1078 150 1123 non
176 1079 252 1124 casu
276 1060 472 1125 Galenaeum
498 1061 605 1125 vocari
631 1059 815 1140 concedam,
845 1080 1036 1142 quamquam
1061 1067 1093 1125 et
1125 1060 1186 1125 boc

89 1173 255 1238 lubricum.
295 1175 339 1239 At
355 1175 389 1239 in
404 1174 664 1259 inscriptionibus
676 1175 850 1240 Θαλάτειοτ
863 1176 994 1260 Ποντίῳ
1008 1177 1025 1240 7
1041 1174 1186 1254 Ἕφαλοε

89 1288 220 1372 Ποντίῳ
249 1290 288 1352 10
318 1289 462 1368 Εὔαγροτ
487 1290 655 1374 Φιλοθήρῳ
683 1291 722 1354 13
753 1291 920 1369 Ναυτίβιο(
943 1291 1119 1373 Πραμναίῳ
1147 1289 1186 1352 15

90 1402 242 1488 Αὐχένιοτ
281 1402 434 1488 Ἀρμενίῳ
471 1405 510 1467 16
559 1402 723 1482 Ἐγκύμων
759 1402 936 1488 Ἁλικτύπῳ
972 1406 1022 1469 17.
1059 1406 1109 1469 18.
1146 1404 1186 1467 19

93 1516 241 1582 Edulooc
265 1520 486 1598 θαλαεεέρωτι
509 1521 549 1582 21
581 1526 614 1583 et
636 1521 679 1583 22
704 1526 872 1600 utrumque
895 1539 1009 1584 nomen
1032 1540 1095 1583 non
1120 1518 1187 1584 sine

91 1632 224 1698 consilio
249 1633 334 1698 idem
358 1633 427 1698 fere
450 1633 637 1717 significare
659 1617 722 1698 non
747 1635 807 1698 erit
831 1636 885 1717 qui
908 1640 1013 1718 neget.

280 1923 311 1988 b.
345 1921 515 1989 Secundi
538 1922 631 1987 libri
655 1922 810 1986 nomina
834 1923 992 1988 rustica.

196 2093 223 2154 1.
264 2089 513 2169 Κωμαρχίδη(
547 2087 649 2152 [129
689 2094 722 2151 et
760 2086 1036 2166 Ἀγελαρχίοητ
1060 2087 1186 2152 Ilba

88 2225 219 2270 munere
243 2206 363 2288 agresti
388 2210 492 2268 tracta
515 2210 597 2267 sunt.
645 2201 873 2267 Comarchides
889 2202 932 2266 ad
948 2203 1118 2281 κώμαρχον
1135 2204 1186 2267 vel

93 2319 264 2398 κωμάρχην
275 2321 299 2399 1)
324 2316 456 2399 recedit,
493 2314 535 2380 ad
560 2317 668 2394 κώμην
698 2317 796 2399 igitur
822 2316 958 2399 pertinet
982 2317 1064 2380 sicut
1099 2315 1185 2382 vitae

90 2435 216 2499 nomina
234 2436 416 2517 Κώμαρχοτ,
443 2433 647 2511 Κωμαρχίδη(
672 2438 704 2496 et
721 2432 911 2496 abbreviata
928 2433 1046 2510 ltrbpoc,
1064 2433 1185 2514 Κωμᾶε,

90 2570 171 2632 quae
196 2550 233 2614 F.
247 2551 283 2614 B.
308 2571 340 2634 p.
360 2549 422 2613 182
446 2548 561 2613 iniuria
585 2546 627 2612 ad
651 2551 759 2625 κῶμον
782 2546 963 2611 referuntur
987 2545 1043 2630 (ci.
1058 2546 1186 2611 Germa-

88 2686 199 2729 norum
216 2664 362 2746 Schulze,
379 2663 536 2751 Schulte).
577 2661 775 2743 Quamquam
800 2661 887 2739 κώμη
912 2661 982 2745 ipsa
998 2682 1060 2724 non
1076 2662 1186 2726 Attica

90 2787 159 2844 erat
194 2779 237 2843 cf.
261 2779 394 2844 Aristot.
430 2785 516 2864 poet.
542 2777 643 2858 1116,
678 2782 785 2840 tamen
820 2776 883 2839 iam
919 2783 1032 2858 quarto
1057 2796 1085 2839 a.
1111 2774 1184 2840 Chr.

90 2894 218 2959 saeculo
253 2914 306 2959 rus
337 2894 528 2977 designabat
567 2890 772 2973 (contrarium
808 2892 901 2955 πόλις
937 2890 1019 2955 Plat.
1043 2891 1186 2974 Leggl

90 3030 121 3094 p.
135 3009 200 3074 626
214 3009 253 3088 G)
277 3029 316 3074 ac
331 3011 477 3088 κωμήτηε
493 3007 636 3091 agricola
653 3014 701 3073 est
717 3014 752 3071 ut
765 3006 847 3070 Plat.
862 3006 966 3089 Legg.
981 3005 1024 3069 Vl
1039 3026 1070 3089 p.
1082 3006 1186 3069 ue3n

91 3125 125 3188 ἐκ
161 3127 226 3188 τῶν
260 3123 368 3188 ἄλλων
400 3127 553 3202 γεωργῶν
586 3144 620 3187 τε
655 3124 706 3186 καὶ
741 3127 908 3199 κωμητῶν.
971 3121 1022 3185 Ita
1055 3120 1187 3205 Longus

90 3240 218 3324 saepius
253 3240 399 3317 κωμητα(
435 3237 567 3303 adhibet
596 3237 610 3300 Ι
638 3238 733 3318 11,2
770 3242 802 3300 et
841 3236 872 3299 Il
906 3236 956 3316 16,
984 3237 998 3298 l
1038 3235 1186 3318 idemque

91 3353 245 3438 Alciphro
269 3353 338 3438 ipse
362 3354 395 3417 II
422 3353 471 3435 16,
511 3355 539 3435 1,
576 3353 686 3435 quill
711 3351 763 3433 26,
800 3351 1015 3429 2κώμαρχον
1050 3349 1186 3415 inducit.

91 3467 318 3533 Comarchides
343 3468 439 3532 etiarn
464 3467 588 3532 Aelian.
614 3487 664 3551 ep.
689 3471 765 3531 rust.
790 3465 810 3528 2
834 3484 921 3529 mere
944 3464 1106 3528 rusticum.
1142 3465 1186 3527 At

90 3591 198 3665 κῶμον
217 3585 302 3650 idem
320 3605 475 3651 revocans
491 3583 653 3669 Aristoph.
671 3585 748 3651 Pac.
768 3583 852 3647 1142
870 3588 902 3646 et
919 3581 1090 3659 Κώμαρχο(
1115 3601 1187 3645 con·

90 3700 170 3766 vivii
194 3700 259 3765 dux
284 3701 315 3764 iu
340 3699 495 3786 amphora
518 3699 624 3780 Klein,
655 3699 717 3762 Die
740 3718 787 3780 gr.
805 3697 910 3761 Vasen
934 3695 991 3759 mit
1008 3694 1186 3778 Lieblings-

91 3815 209 3881 inschr.
234 3836 265 3899 p.
290 3816 343 3898 67,
369 3816 506 3881 conviva
529 3813 648 3878 saltans
672 3810 853 3876 Kretschm.
877 3831 909 3894 p.
935 3810 976 3874 85
1001 3815 1033 3873 ct
1057 3809 1132 3873 231.

201 4078 228 4146 1)
248 4077 295 4132 lta
314 4076 390 4132 Xen.
410 4077 498 4130 anab.
521 4075 560 4130 IV
579 4075 604 4143 6,
623 4074 659 4128 24
678 4075 716 4129 de
738 4076 803 4129 vico
822 4074 993 4141 Persarum,
1015 4074 1052 4128 de
1072 4088 1184 4142 graeco

91 4172 135 4228 IG
153 4174 227 4228 XIII
245 4174 260 4228 I
280 4173 340 4243 128,
360 4173 424 4229 old
438 4173 506 4226 add.
518 4172 586 4226 3641
597 4173 625 4225 b.
663 4172 744 4226 Alibi
763 4173 922 4240 κώμαρχος,
952 4171 1184 4236 ο1.λιμέναρχο(;

91 4273 263 4338 λιμενάρχηε.
301 4269 364 4323 ΑΙο.
384 4270 412 4322 ΙΙ
431 4269 474 4336 26,
493 4269 510 4322 2
529 4269 687 4334 κωμάρχου.
709 4319 711 4327 ,
