2724 4794
596 276 775 333 ..76-

136 452 274 535 denique
298 454 386 519 lusus
409 455 552 537 inrepsit,
587 453 672 536 quod
697 455 806 519 nescio
830 475 871 518 an
896 453 1026 519 minoris
1050 454 1128 518 artis
1145 454 1187 519 sit
1198 456 1233 533 ¹).

136 568 256 633 Varro
274 556 412 650 quidem,
439 575 473 632 ut
489 567 690 644 buncsolum
708 588 889 649 memorem,
914 568 1093 632 nominibus
1109 567 1234 651 signifi·

136 683 283 748 cantibus
306 704 381 749 usus
405 684 437 748 in
461 684 550 749 libris
575 703 654 765 quos
677 684 805 766 scripsit
822 682 863 747 de
887 703 921 747 re
945 684 1065 747 rustica
1089 682 1234 748 homines

137 805 169 862 et
185 800 300 880 quibus
316 799 415 863 libros
431 797 594 882 inscripsit
618 796 832 878 (Fundanium
850 798 876 880 l,
901 798 1050 862 Pinnium
1066 799 1116 862 lll
1139 798 1235 877 libro)

135 920 168 977 et
190 933 269 995 quos
299 914 516 995 colloquentes
551 914 632 979 facit
664 914 846 997 (Agrasium
870 913 1004 997 Agrium
1030 912 1234 978 Fundanium

136 1027 318 1092 Fundilium
352 1028 514 1093 Stolonem
548 1028 695 1093 Scrofam
713 1029 738 1105 Ι,
773 1029 926 1093 Vaccium
948 1029 991 1109 ll,
1025 1027 1165 1112 Appium
1189 1064 1233 1074 -

134 1140 269 1207 sedebat
292 1141 334 1208 ad
358 1142 519 1208 sinistram
543 1142 572 1207 ei
596 1142 719 1207 Merula
743 1149 775 1207 et
792 1144 890 1224 Pavo,
915 1141 957 1207 ad
982 1141 1128 1206 dextram
1153 1140 1235 1206 Pica

135 1262 166 1319 et
191 1258 306 1321 Passer
331 1293 370 1302 -
396 1257 445 1320 Ill
468 1256 562 1336 libro)
594 1256 806 1337 φερωνύμου(
840 1256 1016 1320 nominavit
1050 1256 1100 1320 vel
1125 1257 1234 1339 potius

135 1389 227 1435 veros
244 1370 387 1436 homines
411 1372 546 1436 nominis
563 1372 661 1454 etymi
679 1391 776 1436 causa
793 1370 932 1453 elegit2).
958 1369 1047 1433 Idem
1065 1371 1096 1433 in
1114 1371 1234 1434 saturis

134 1484 312 1569 Menippeis
329 1486 455 1551 nomina
476 1487 522 1550 rei
548 1484 775 1550 accomodasse
800 1484 934 1566 videtur,
960 1505 1030 1549 cum
1055 1484 1165 1550 titulos
1188 1487 1233 1549 in·

135 1598 257 1663 veniret
281 1600 392 1682 quales
419 1599 543 1666 Modius
573 1606 701 1665 saturae
734 1619 797 1681 qua
820 1598 979 1663 modicum
1004 1600 1123 1664 victum
1149 1619 1233 1663 com-

134 1713 264 1779 mendat
288 1715 340 1795 (fr.
362 1715 427 1779 304
440 1735 508 1797 sqq.
538 1715 710 1795 Buecb.)³)
735 1715 784 1779 vel
810 1714 971 1797 Meleager
994 1715 1125 1778 alterius
1149 1733 1233 1796 quaa

134 1834 182 1893 est
207 1827 247 1892 de
271 1830 442 1893 venatione
466 1829 519 1909 (ir.
537 1830 602 1893 203
613 1831 696 1911 sqq.)
721 1831 742 1909 ).

240 1964 271 2025 g.
304 1943 360 2007 His
384 1943 462 2027 ipsis
485 1943 639 2027 exemplis
663 1943 871 2008 confirmatur
898 1943 1093 2008 Romanos
1116 1941 1231 2008 eodem

133 2055 228 2121 modo
252 2077 291 2122 ac
308 2058 449 2123 Graecos
465 2060 625 2123 nominum
650 2059 731 2123 lusui
748 2057 927 2123 indulsisse.
975 2057 1136 2121 Plautus
1153 2076 1231 2122 sane

134 2191 229 2252 quam
253 2171 414 2236 nominum
438 2181 538 2237 artem
562 2194 640 2257 prae
664 2193 698 2238 se
721 2174 785 2238 fert
801 2192 870 2236 eam
889 2194 908 2236 a
925 2172 1050 2237 Graeca
1064 2170 1231 2236 comoedia

133 2286 273 2369 suscepit
298 2287 354 2365 (cl.
379 2286 551 2370 Schmidt),
588 2289 648 2352 etsi
681 2288 786 2352 forma
815 2308 877 2351 non
901 2306 935 2351 re
959 2285 1055 2370 paulo
1090 2285 1228 2350 alienam

133 2402 176 2478 (v.
210 2400 294 2464 infra
317 2422 348 2484 p.
365 2402 432 2480 90).
480 2401 523 2466 At
558 2403 699 2466 carmina
732 2401 943 2486 epigrapbiea
975 2401 1076 2465 latina
1108 2401 1231 2484 pariter

132 2533 171 2578 ac
203 2534 322 2596 graeca
361 2517 540 2581 nominibus
570 2516 683 2581 ludunt
715 2517 803 2582 velut
826 2518 890 2582 tto
914 2515 1033 2580 Buecb.
1073 2515 1230 2593 „Nomine

131 2683 344 2692 -——-—-

240 2788 265 2854 1)
285 2787 384 2842 Hirzel
404 2788 452 2841 l.1.
473 2806 499 2858 p.
513 2789 566 2844 559
587 2789 642 2858 ,Es
661 2790 743 2858 zeigt
762 2789 821 2844 den
836 2788 947 2843 Vertall
966 2758 1049 2842 einer
1062 2787 1163 2840 Kunst
1180 2801 1228 2852 an,

131 2899 219 2938 wenn
239 2885 282 2938 sie
302 2886 439 2955 antbngt,
468 2886 535 2940 dem
555 2885 743 2941 Nebenwerk
775 2888 842 2940 cine
870 2900 1026 2955 groessere
1045 2883 1230 2950 Bedentung

130 2980 310 3051 beizulcgen
330 2983 374 3036 als
393 2982 452 3035 ihm
473 2981 654 3037 zukommt“.

237 3078 264 3143 2)
285 3076 327 3132 Cf.
342 3077 521 3142 Schleicber‚
541 3079 752 3134 Meletematon
767 3079 1022 3134 Varronianorum
1044 3077 1197 3146 specimen
1208 3075 1228 3128 Ι.

130 3173 256 3227 Bonnae
278 3175 345 3228 1846
374 3177 405 3229 et
432 3175 534 3229 Hirzel
553 3177 571 3229 l.
590 3176 607 3229 l.
632 3193 661 3245 p.
679 3175 815 3245 bblsqq,
844 3175 988 3244 imprimis
1021 3190 1048 3242 p.
1068 3173 1121 3227 560
1159 3169 1228 3240 ,Als

130 3271 298 3325 Komoedie
316 3273 356 3325 im
377 3272 489 3341 Dialog
509 3274 630 3328 werden
662 3274 715 3327 wir
746 3273 840 3326 daber
860 3272 971 3326 Varros
991 3270 1159 3325 Verfahren
1178 3269 1229 3322 be-

132 3367 303 3422 zeicbnen“.

236 3465 264 3532 3)
285 3465 328 3520 Cf.
347 3467 379 3520 Ε.
399 3465 530 3536 Norden,
558 3467 593 3520 In
611 3467 754 3522 Varronis
782 3472 902 3520 saturas
922 3465 1097 3533 Menippeas
1128 3463 1228 3517 obser-

131 3564 268 3616 vationes
289 3563 427 3631 selectae,
446 3563 546 3617 Fleck.
565 3563 668 3618 Jahrb.
687 3565 730 3629 ⁴27,
751 3563 872 3632 Lipsiae
894 3563 961 3616 1901
982 3578 1009 3630 p.
1021 3561 1074 3614 272
1085 3575 1126 3629 sq.

236 3658 264 3722 4)
284 3656 424 3713 Similiter
451 3659 623 3714 nominibus
650 3674 687 3714 ex
716 3675 817 3714 rerum
848 3659 992 3712 momoria
1020 3661 1074 3710 aut
1105 3656 1228 3709 historia

129 3756 261 3809 tabulari
281 3757 358 3809 notis
378 3757 408 3808 in
430 3756 600 3826 duplicibus
619 3756 927 3825 logistoricorum
939 3754 1033 3808 titulis
1047 3753 1095 3820 (ct.
1105 3751 1228 3807 Norden

130 3852 146 3905 l.
167 3851 183 3905 l.
204 3869 231 3921 p.
242 3852 294 3905 276
305 3855 359 3919 sq.)
387 3867 461 3906 usus
489 3858 534 3906 est
561 3854 647 3906 velut
665 3851 777 3905 Marius
806 3854 844 3906 de
872 3844 1004 3913 fortuna,
1034 3849 1154 3904 Orestes
1190 3849 1229 3903 de

129 3949 256 4002 insania.
294 3948 376 4001 idern
406 3948 487 4002 valet
515 3949 553 4002 de
573 3947 725 4002 Ciceronis
755 3948 884 4016 dialogis
905 3946 978 4002 Cato
1005 3946 1042 4000 de
1061 3950 1228 4011 senectute,

129 4044 252 4098 Laelius
280 4044 317 4096 de
346 4044 478 4097 amicitia
505 4044 545 4110 (v,
565 4043 666 4097 Hirzel
686 4045 702 4097 l.
722 4044 744 4097 l.¹
770 4061 797 4112 p.
817 4044 890 4109 544).
938 4042 1025 4106 Quod
1056 4056 1128 4095 vero
1159 4055 1229 4109 pro-

131 4140 288 4210 trepticum
309 4155 396 4193 suum
416 4141 568 4210 inscripsit
586 4139 789 4207 Hortensium,
808 4156 847 4194 ne
861 4155 879 4192 a
893 4139 1008 4192 laribus
1021 4137 1144 4207 quidem
1158 4151 1228 4191 eum

130 4237 311 4291 abstinuisse
333 4236 471 4291 ostendit.
