2724 4794
667 303 824 355 ,6-

193 483 343 559 quattuor
366 478 429 541 sInt
453 495 572 559 genera
596 476 813 560 epistularum,
838 484 938 538 totam
967 474 1133 538 materiam
1158 475 1204 537 ita
1228 471 1289 538 dis-

73 582 76 589 “
192 591 287 673 gessi,
324 599 358 655 ut
394 591 528 673 primum
563 589 747 675 piscatoria,
784 587 958 653 secundum
995 589 1125 669 rustica,
1161 587 1289 652 tertium

193 695 382 789 parasitica.
411 710 555 786 quartum
581 704 747 784 amatoria,
780 703 917 784 denique
951 723 1033 785 quae
1057 702 1136 767 nihil
1169 701 1288 785 proprii

193 817 334 883 habeant
356 820 484 884 nomina
509 826 652 885 tractem.
701 816 881 882 Secundum
906 817 961 882 illa
991 824 1141 899 quattuor
1172 836 1290 900 genera

193 934 347 1018 epistulas
370 933 543 1017 dispositas
560 932 662 996 edidit
680 933 871 996 Antonius
888 930 1018 1016 Schep
1029 951 1089 996 ers
1106 931 1290 1012 Groningae

196 1049 291 1112 1001.
340 1046 433 1124 Quod
473 1067 547 1110 num
586 1048 619 1110 in
651 1047 832 1110 universum
868 1051 955 1109 recte
991 1044 1105 1110 iecerit
1140 1050 1291 1125 recteque

192 1163 336 1244 singulas
360 1162 514 1246 epistulas
537 1161 670 1243 singulis
695 1160 783 1224 libris
801 1159 993 1240 attribuerit,
1019 1160 1078 1224 etsi
1096 1158 1290 1223 dubitationi

193 1275 366 1341 obnoxium
391 1275 526 1359 videtur,
561 1283 667 1341 tamen
693 1276 761 1340 eius
793 1273 933 1338 editione
966 1280 1000 1337 ut
1034 1272 1291 1338 commodissima

193 1399 226 1457 et
255 1392 427 1456 novissima
462 1410 538 1456 usus
572 1411 651 1470 sum,
688 1388 876 1474 praesertim
912 1409 983 1453 oum
1019 1387 1123 1452 denuo
1160 1386 1290 1451 codices

193 1505 318 1570 adierit.

354 1671 379 1735 I.
405 1692 434 1734 a.
460 1669 581 1734 Primi
604 1669 693 1733 libri
719 1670 873 1733 nomina
895 1667 1129 1753 piscatoria.

303 1813 331 1874 1.
357 1811 384 1874 A
402 1809 478 1875 diis
495 1809 602 1892 aliquo
619 1808 713 1874 modo
731 1829 802 1875 cum
818 1809 897 1873 mari
915 1807 1062 1890 cognatis
1081 1813 1185 1871 tracta
1201 1815 1290 1872 sunt:

302 1924 489 1990 Γαλάτεια
505 1925 520 1988 Ι
537 1925 588 2004 3¹)
613 1924 775 2008 appellata
798 1945 817 1987 a
842 1920 980 1990 Nereide
1005 1922 1055 2003 (F.
1074 1923 1142 2000 B.²)
1168 1942 1198 2006 p.
1225 1921 1291 2002 73),

193 2038 382 2123 Polyphemi
419 2040 523 2103 amica
556 2039 599 2104 ol.
636 2037 774 2103 Holland
810 2038 919 2122 Leipz.
957 2036 1048 2102 Stud.
1075 2036 1145 2100 Vll.
1194 2037 1291 2101 Teste

193 2153 301 2218 Sohnl.
327 2155 462 2218 Theocr.
489 2154 532 2218 VI
556 2153 699 2238 Hypoth.
734 2152 855 2235 antiqui
890 2152 973 2229 γάλα
1006 2151 1125 2216 nomini
1160 2151 1291 2217 subesse

193 2267 350 2352 putabant
384 2268 491 2349 itaque
515 2267 594 2332 Luc.
630 2287 694 2332 ver.
730 2265 803 2330 hist.
830 2266 897 2330 113
932 2266 1100 2330 Galateam
1131 2264 1224 2329 deam
1258 2265 1292 2328 in

193 2381 296 2445 insula
319 2382 351 2444 in
376 2382 455 2445 mari
480 2381 584 2447 lacteo
609 2383 679 2464 sita,
705 2401 787 2463 quae
812 2381 882 2465 ipsa
906 2400 1017 2445 caseus
1042 2386 1099 2456 est,
1125 2380 1185 2444 coli
1200 2379 1289 2444 facit.

193 2494 317 2559 Eadem
342 2493 463 2578 dialogi
487 2496 598 2561 marin.
628 2499 642 2559 1
670 2516 815 2580 persona.

302 2610 454 2688 Γαλήνη
474 2611 494 2700 I
511 2610 542 2692 6,
567 2611 587 2673 2
604 2617 636 2675 et
655 2612 870 2688 Γαληναῖο(
887 2610 945 2674 Ι2.
980 2611 1022 2675 ut
1039 2609 1162 2675 Galena
1178 2610 1292 2675 Nereis

195 2721 388 2802 (Kretschm.
414 2745 445 2808 p.
471 2725 561 2812 201),
595 2725 674 2790 Luc.
700 2724 777 2789 dial.
802 2747 879 2789 mar.
909 2727 929 2790 3
955 2745 1100 2810 persona.
1147 2725 1291 2802 γαλήνην

194 2843 228 2900 ut
252 2837 465 2920 piscatoribus
491 2840 688 2904 carissimam
712 2839 880 2924 praedicat
905 2839 1059 2924 Alciphro
1083 2839 1152 2925 ipse
1177 2841 1235 2903 Il.

303 2952 447 3030 Γλαύκη
475 2953 541 3034 18;
568 2955 793 3032 Γλαυκίππη
819 2956 889 3018 111
910 2961 942 3019 et
961 2956 1017 3027 12;
1044 2957 1211 3019 Γλαῦκος
1228 2955 1292 3032 13;

196 3067 215 3129 Γ
222 3068 385 3130 λανκίαε
411 3068 424 3130 I
446 3069 494 3149 lb,
520 3069 550 3132 o.
599 3068 740 3134 Glaucus
774 3069 939 3133 θαλάεαο(
971 3071 1093 3148 δαίμων
1118 3070 1171 3151 qui
1195 3077 1293 3134 antea

194 3179 335 3263 piscator
359 3180 458 3246 fulsse
486 3182 714 3272 perhibebatur
743 3181 873 3262 (Athen.
901 3183 962 3247 VII
985 3204 1017 3267 p.
1043 3184 1108 3248 295
1132 3186 1215 3265 sqq.)
1240 3184 1291 3248 vel

194 3294 225 3358 in
251 3296 452 3378 proverqum
483 3297 563 3361 abiit
587 3296 743 3380 (Apostol.
768 3296 859 3360 vlo
882 3311 914 3361 et
942 3297 1060 3364 Suidas
1088 3300 1120 3362 in
1151 3320 1181 3363 v.
1206 3297 1291 3378 ἔξω).

195 3408 318 3474 Glauca
342 3410 455 3476 Nereis
480 3410 659 3491 Kretschm.
685 3433 716 3497 p.
734 3413 794 3475 201
829 3431 869 3476 ex
895 3412 1017 3477 Glauco
1052 3413 1133 3477 licta
1158 3413 1292 3492 (Usener

196 3522 274 3587 Mus.
292 3523 393 3589 Rhcn.
412 3524 489 3589 LIII
515 3546 544 3609 p.
563 3526 651 3606 351).
699 3524 904 3591 Adiectivum
934 3527 1073 3603 ricorde
1103 3528 1291 3611 saepissime

195 3638 273 3701 mari
307 3638 501 3721 attribuitur,
529 3645 667 3717 γλαῦκα(
691 3642 787 3726 piscis
818 3641 958 3706 marinus
991 3641 1031 3705 ab
1056 3641 1224 3707 Athenaeo
1249 3643 1292 3706 VI

194 3772 225 3835 p.
251 3752 316 3815 295
333 3752 360 3817 Β
377 3773 446 3836 sqq.
476 3762 739 3820 commemoratur
768 3757 957 3821 comicorum
988 3756 1178 3823 testimoniis
1211 3758 1291 3823 niso.

305 3932 329 3997 l)
349 3932 570 3986 Deficientibus
599 3934 861 4002 paragraphorum
888 3935 1029 4000 numeris,
1063 3949 1138 4002 quos
1167 3935 1292 3989 nomim-

195 4028 250 4080 bus
270 4029 381 4096 passIm
401 4031 573 4084 memoratis
593 4046 710 4099 semper
724 4031 861 4100 adposui,
882 4032 1079 4100 epistularum
1093 4032 1292 4101 Inscriptioni·

196 4124 250 4178 bus
270 4126 382 4178 inserta
402 4131 642 4195 cognoscuntur.

301 4222 329 4287 2)
349 4221 535 4291 Compendia
555 4223 666 4292 quibus
686 4226 757 4278 utor
777 4241 804 4278 v.
824 4225 853 4277 io
876 4226 936 4279 linc
957 4224 1057 4279 libelli.
