2724 4794
559 267 771 353 es—o'a-

130 440 179 523 ta
202 436 284 524 rura
301 443 485 541 lesenyus
510 463 572 544 ng.
597 461 774 526 eor-eoo
798 462 906 543 nina,
933 435 1037 528 raom.
1063 438 1115 546 aa,
1153 439 1234 529 uon

130 574 307 658 Sophocles
324 576 416 640 Aiao.
431 577 496 640 430
510 580 533 657 ¹)
559 577 611 641 ubi
638 578 768 642 Aiacem
793 578 965 656 ἐπώνυμον
989 579 1057 643 eius
1079 580 1231 643 malorum

130 687 234 768 ὄνομα
257 710 370 771 gerere
395 689 484 768 dicit,
509 690 591 755 ludit
607 688 794 776 saepissime
811 691 983 776 Euripides
1008 694 1095 756 velut
1113 693 1230 757 Baoeh.

128 804 227 884 5082)
263 805 317 869 ubi
346 806 491 890 Penthei,
523 806 691 873 Phoeniss.
718 807 815 885 639³)
850 807 903 871 uhi
936 807 1098 891 Polynieis
1134 810 1232 892 etymi

130 922 285 985 rationem
310 921 408 986 habet
433 921 572 1002 (ἀληθῶς
601 920 629 986 b’
654 921 757 1001 ὄνομα
782 922 982 1000 Πολυνείκην
1013 925 1116 1001 πατὴρ
1141 922 1232 987 ἔθετό

130 1057 177 1099 ςοι
211 1036 279 1119 θείᾳ
312 1037 449 1120 προνοίᾳ
479 1037 610 1101 νεικέων
645 1037 840 1114 ἐπώνυμον).
887 1037 1001 1118 Neque
1026 1059 1046 1100 a
1080 1037 1233 1101 soluta

130 1151 275 1215 oratione
292 1151 418 1215 Graeca
434 1152 487 1215 ille
505 1172 580 1217 usus
597 1151 758 1233 abhorret,
776 1152 866 1217 euius
883 1152 1031 1236 exempla
1043 1151 1232 1216 Aristoteles

134 1262 154 1327 l.
175 1284 203 1327 ο.
230 1264 338 1348 affert,
368 1266 411 1330 of.
435 1265 561 1330 Sohanz
587 1265 628 1330 ad
655 1266 780 1330 Platon.
806 1265 984 1350 Euthyphr.
1008 1267 1125 1350 pan.

237 1379 281 1444 Ut
304 1380 336 1442 in
359 1378 496 1464 hymnis,
521 1380 669 1445 laudibus
690 1388 722 1444 et
742 1381 891 1464 precibus
913 1380 953 1444 ad
971 1382 1101 1446 numina
1118 1382 1231 1462 missis,

131 1495 261 1560 deorum
278 1495 406 1558 nomina.
418 1495 557 1560 manime
571 1495 679 1559 valent
697 1494 754 1576 (ὡς
771 1495 806 1558 ἐν
823 1498 891 1559 τοῖς
907 1498 973 1559 τῶν
990 1499 1073 1560 θεῶν
1090 1495 1232 1560 ἐπαίνοις

131 1612 256 1675 εἰώθαςι
280 1610 383 1687 λέγειν
400 1609 532 1675 Aristot.
551 1610 572 1674 l.
590 1611 642 1693 a),
667 1610 712 1673 ita
730 1608 997 1674 Alexandrini
1015 1617 1130 1693 poetae
1144 1610 1232 1673 illum

131 1746 219 1789 usum
244 1723 346 1789 seeuti
363 1730 436 1789 sunt
449 1744 508 1788 neo
520 1729 642 1788 tanturn
656 1724 688 1786 in
704 1723 839 1807 hymnis,
864 1723 970 1788 sedin
987 1725 1133 1789 omnibus
1150 1744 1232 1807 quae

132 1840 280 1904 uolebant
302 1839 474 1922 generibus
497 1839 651 1923 imprimis
674 1840 706 1901 in
730 1839 979 1922 epigrammatis.
1028 1839 1077 1902 of.
1098 1838 1229 1922 Dilthey

132 1955 171 2019 ad
198 1952 386 2019 Callimachi
403 1953 585 2038 Cydippam
609 1975 640 2038 p.
659 1953 712 2017 38.
739 1952 875 2017 Τλοοοι·,
895 1953 1003 2016 XXVl
1023 1953 1076 2016 28.
1103 1953 1164 2017 Vll
1179 1953 1233 2016 99.
1312 1946 1315 1951 '

133 2071 189 2133 ΑΡ
208 2069 235 2133 V
254 2068 318 2133 115
352 2069 472 2148 (facete
500 2070 534 2132 in
562 2067 741 2132 nominibus
765 2067 867 2146 Δημώ
892 2073 923 2130 et
948 2067 1128 2146 Φιλόδημος
1154 2065 1234 2130 ludi-

132 2187 195 2264 tur)
221 2184 249 2248 V
274 2184 325 2248 'dl-
793 2212 803 2246 ι

238 2295 407 2361 Accedunt
431 2295 508 2359 alia:
534 2295 662 2359 nomina
687 2293 987 2358 circumscribuntur
1011 2294 1098 2357 velut
1116 2293 1170 2357 ΑΡ
1188 2294 1232 2358 lV

131 2413 175 2475 44
197 2411 314 2489 Ἑρμοῦ
339 2413 447 2488 δῶρον
470 2409 659 2489 ἀειδόμενον
683 2429 741 2493 pro
764 2408 963 2474 Hermodoro
987 2409 1042 2488 (el.
1066 2408 1108 2475 ib.
1128 2430 1157 2473 v.
1171 2409 1232 2480 242

132 2547 206 2610 app.
231 2526 247 2589 I
270 2525 394 2606 340,e;
431 2545 505 2609 app.
532 2525 563 2587 ΙΙ
580 2524 633 2605 26,
647 2525 680 2604 5)
715 2544 754 2588 ao
787 2525 854 2587 soni
889 2524 987 2588 solius
1011 2543 1110 2587 eausa
1133 2523 1231 2587 verba

132 2641 292 2723 eliguntur
327 2638 415 2705 velut
448 2640 503 2703 ΑΡ
525 2638 586 2702 VII
611 2639 686 2719 334,
708 2639 746 2702 17
792 2638 983 2716 Φρόντωνος
1019 2642 1146 2716 γοεραῐς
1181 2638 1233 2700 ἐπὶ

132 2755 307 2833 φροντίςιν.
355 2751 455 2830 Quem
473 2773 592 2816 morem
616 2753 780 2834 antiquum
798 2753 954 2816 Homerus
979 2751 1039 2816 Od.
1057 2751 1139 2815 XIX
1155 2752 1232 2833 407,

133 2889 172 2933 ex
196 2868 304 2953 populi
330 2874 445 2950 mente,
470 2888 532 2932 non
549 2887 589 2932 ex
606 2867 783 2930 litterarum
801 2854 934 2930 libidine
951 2872 1059 2930 natum
1077 2867 1232 2951 epigram-

132 2990 219 3048 mata
244 2983 404 3067 lapidibus
427 2982 547 3047 tradita
560 2984 586 3062 4)
611 2982 793 3062 inlustrant,
818 3001 949 3062 quorum
974 2980 1025 3044 vel
1041 2979 1233 3064 sepulcralia

132 3096 314 3161 adnomen
338 3097 453 3160 mortui
488 3095 630 3160 alludere
664 3115 726 3159 non
761 3100 920 3159 verentur.
969 3093 1123 3157 Conferas
1152 3113 1233 3174 quae

131 3217 206 3276 sunt
222 3211 308 3295 apud
325 3210 518 3292 Kaibelium,
536 3210 588 3292 63,
610 3213 637 3273 1.
659 3209 730 3288 188,
744 3209 775 3271 5.
792 3208 869 3288 los,
881 3210 911 3270 2.
929 3208 1004 3288 435,
1020 3207 1048 3270 3.
1069 3208 1141 3288 128,
1157 3208 1187 3270 6.
1202 3208 1231 3271 ί.

239 3327 309 3393 Νοο
344 3325 482 3407 deniqne
518 3323 723 3389 comoedia
748 3341 862 3404 expers
887 3322 947 3385 luit
972 3321 1040 3385 eius
1064 3323 1232 3386 verborum
1288 3385 1291 3392 ,

132 3440 220 3504 lusus
245 3446 279 3503 ut
302 3439 492 3504 Athenionis
516 3439 562 3502 IV
578 3439 642 3502 558
667 3459 697 3501 ν.
722 3438 762 3502 21
790 3438 898 3500 καινὸς
922 3436 983 3514 γάρ
1014 3437 1097 3499 ἐςτιν
1127 3436 1233 3498 οὑτοςὶ

131 3554 344 3633 Παλαίφατος
384 3560 416 3618 et
445 3551 636 3638 Antiphanis
661 3551 742 3615 1118
778 3549 833 3629 (ad
863 3550 1028 3629 Εὔβουλον
1062 3572 1091 3612 ν.
1117 3571 1147 3634 p.
1165 3551 1232 3631 44),

132 3689 216 3751 quae
240 3668 379 3752 exempli
404 3688 502 3733 eausa
527 3667 675 3731 adhibeo.

288 3970 331 4026 Of.
351 3972 476 4026 Lobeek
496 3971 535 4033 ad
554 3971 571 4024 1.
592 3977 622 4026 et
642 3970 790 4041 Aglaoph.
811 3988 838 4041 p.
858 3973 910 4025 869
922 3987 965 4040 sq.

290 4067 332 4121 Cf.
352 4067 483 4136 Elmsley
504 4068 542 4119 ad
563 4067 579 4120 l.

289 4162 332 4218 Cf.
351 4162 541 4217 Valckenaer
560 4163 599 4215 ad
619 4164 645 4229 l.‚
665 4179 772 4216 vorsus
792 4162 957 4216 seeundum
977 4163 1097 4214 Kinehh.
1118 4166 1162 4214 est
1172 4162 1232 4214 836.

261 4259 333 4327 le.
353 4259 493 4313 Weleker
512 4259 655 4328 Syllogae
675 4277 702 4328 p.
722 4261 764 4313 83.
1015 4329 1031 4382 5
