2724 4794
597 277 774 332 ..89-

130 446 288 530 videntur,
328 447 547 532 parasitica
583 445 666 511 dico.
711 444 778 510 Sed
816 444 917 509 tribus
953 443 1107 528 exceptis,
1147 461 1228 526 quae

130 561 356 646 inde-sumpta
380 581 450 626 esse
483 567 629 645 apparet,
665 561 724 625 etsi
750 559 970 624 nonnullorum
995 557 1082 622 color
1106 578 1226 623 comoe-

131 675 205 740 diae
229 675 351 757 similis,
375 658 505 742 maioris
528 694 640 739 numer
663 675 766 739 forma
790 696 809 739 a
834 673 1019 738 comoediae
1044 692 1101 738 usu
1132 673 1228 754 longe

130 789 262 855 recedit.
310 789 416 868 Quare
433 810 450 855 e
467 811 500 855 re
525 790 585 855 erit
609 789 794 855 comoediae
824 795 856 853 et
881 787 1085 873 Alciphronis
1109 786 1228 850 nomi-

131 924 213 968 num
238 905 380 971 formas
404 906 585 970 accuratius
609 904 821 970 considerare.
860 902 1056 969 Comoedias
1081 901 1228 985 exempta

130 1019 304 1084 secundum
329 1020 568 1086 terminationes
590 1019 748 1104 disposuit
766 1019 898 1085 Charles
915 1018 1054 1083 Wiltiam
1080 1016 1227 1102 Pepptcr‚

132 1133 242 1199 Comic
266 1132 486 1200 terminatione
509 1136 541 1199 in
566 1134 797 1219 Aristophanes
827 1133 890 1198 and
915 1132 969 1198 the
995 1133 1104 1198 Comic
1130 1132 1228 1213 Frag-

131 1255 244 1314 ments.
292 1249 370 1313 Part
386 1249 400 1312 Ι
417 1249 642 1330 Diminutivcs,
664 1247 838 1313 Character
853 1247 982 1328 Names,
1007 1245 1229 1329 Patronyrnirs

135 1362 324 1442 (Baltimore
339 1363 437 1443 1902)
451 1369 548 1445 atque
558 1362 608 1427 his
619 1381 875 1445 compararemus
887 1359 1113 1445 Atciphronea.
1138 1360 1185 1424 Su
1196 1360 1228 1421 h·

131 1478 312 1542 stantiva
330 1475 507 1541 hominihus
524 1475 673 1560 imposita
690 1476 742 1540 hic
766 1482 797 1541 et
820 1475 886 1539 illie
911 1496 984 1539 rara
1008 1479 1098 1554 sunt,
1122 1480 1228 1537 tanum

133 1590 356 1676 Alciphroneis
391 1592 511 1656 libroI
545 1591 713 1664 (κόιιελοι,
752 1592 783 1655 ΙΙ
817 1590 942 1655 Θαλλόε
977 1589 1106 1653 Κότινοε
1135 1586 1228 1667 Ὕλη,

134 1706 177 1769 IV
197 1704 354 1769 Γνάθαινα
377 1704 494 1769 Λέαινα
518 1704 643 1783 Λείριον
660 1705 813 1769 Λεόντιον
832 1704 980 1785 Μέλιιεα,
1005 1703 1054 1767 ΙΙΙ
1071 1702 1228 1780 (oppone

131 1822 254 1882 παλλοι
279 1817 432 1882 Κύναιθοι
458 1818 542 1902 (ipsa
567 1838 693 1900 queque
717 1839 757 1882 cx
784 1817 977 1896 nominibus)
1002 1817 1093 1901 paria
1126 1836 1165 1879 ne
1198 1816 1229 1879 in

133 1931 300 1997 comoedia
324 1931 452 2013 quidem
479 1931 594 1996 dosunt
613 1933 701 1996 vetut
718 1933 830 1996 Κανών
848 1931 1006 2009 Κεραυνόι
1024 1929 1229 2010 Λαβύρινθοι.

132 2047 175 2110 At
199 2066 239 2111 ex
263 2045 472 2113 substantivis
505 2053 575 2112 orta
599 2047 650 2111 vel
675 2046 801 2111 nomina
825 2046 951 2129 agentis
974 2046 1006 2109 in
1029 2066 1078 2122 ·ηε
1103 2045 1151 2109 vet
1177 2043 1230 2107 de·

132 2161 287 2225 minutiva
304 2162 336 2225 in
353 2165 498 2242 -uhthtoc,
523 2166 615 2242 -rhoc,
632 2182 723 2244 -rxoc,
740 2182 839 2243 -υχοε,
857 2182 930 2243 -ιον,
947 2166 997 2226 -αξ
1010 2158 1161 2224 exeuntia
1178 2157 1229 2219 hic

134 2281 166 2339 et
183 2273 251 2338 illic
266 2274 395 2358 saepius
419 2275 630 2355 inveniuntur,
648 2273 719 2338 Alc.
738 2273 818 2338 libro
835 2274 850 2336 1
867 2271 1031 2349 Αἰγιαλεύς
1045 2309 1083 2317 -
1100 2270 1229 2348 Κύριων

133 2390 318 2454 Θαλαεείων
346 2425 387 2433 -
418 2388 569 2452 Γλαυκία(
586 2388 715 2469 coctae,
740 2389 820 2451 libro
840 2389 870 2451 ΙΙ
887 2387 993 2464 Αἴγων
1018 2385 1169 2464 Κορύδων
1187 2421 1229 2429 -

133 2503 270 2581 Ἀμνίων
294 2501 471 2581 Ἀμπελίων
495 2502 650 2566 Ἐλατίων
673 2503 838 2565 Πιθακίων
867 2502 1017 2580 Μοιχίων
1032 2500 1165 2564 Παιίων
1187 2536 1230 2544 -

133 2616 305 2681 Ἄιτυλλο(
337 2654 378 2662 -
408 2617 559 2695 Δρυάοη(
595 2617 799 2694 Δρυαντίοαε
836 2614 1028 2697 Κρηνιάοηι,
1067 2615 1146 2679 libro
1183 2615 1230 2676 ΙΙΙ

135 2731 265 2799 Γνάθων
291 2731 439 2809 Γρόνθων
463 2731 600 2809 Ὠκίμων
622 2767 662 2776 -
686 2730 846 2808 Γρυλλίων
883 2730 1026 2792 Βουκίων
1050 2728 1232 2806 (τρουθίων

135 2845 306 2910 λοπαδίων
330 2846 469 2912 (κοτίων
493 2882 535 2890 -
559 2844 757 2923 (κορπιιίδηε
790 2845 941 2924 Menoec,
966 2843 1048 2907 libre
1066 2843 1110 2906 lV
1137 2843 1231 2919 Κρου-

134 2961 247 3039 μάτιον
272 2958 458 3038 Ἀνθράκιον
476 2958 660 3038 Μοεχὰριον
687 2959 871 3037 Παρθένιον
888 2958 1025 3035 Χρυιίον
1049 2993 1090 3001 -
1118 2957 1231 3033 Βακχί(
1257 2972 1262 2982 ·

134 3073 242 3152 Δωρί(
267 3075 426 3152 Θρυαλλίς
461 3076 534 3138 duic
563 3074 745 3138 (αλακωνίι
768 3073 929 3136 Ὑακινθίι
962 3070 1090 3135 Φυλλίς.
1129 3070 1156 3132 Ε
1181 3090 1231 3133 co-

135 3188 261 3253 moedia
287 3188 383 3253 lraee:
410 3188 543 3253 Nndcurv
565 3187 686 3252 Cratini
707 3187 835 3266 Ἰχθύων
859 3185 1043 3268 Teleclidis,
1070 3186 1232 3263 Κορακίων

135 3303 300 3387 Archippi,
335 3303 473 3366 Καπνίαι
498 3301 733 3386 Aristophanis,
765 3302 885 3365 Κοννᾶι
910 3300 1043 3381 Cratini,
1079 3298 1232 3377 Ἀρίιιυλ·

135 3421 190 3481 λοι
215 3416 450 3501 Aristophanis,
484 3416 606 3480 Φαίοαξ
639 3415 817 3500 Eupolidis.
864 3415 977 3502 Neque
1007 3411 1230 3478 adiectivi

134 3533 237 3595 forma
278 3531 364 3596 velut
403 3531 473 3595 Alc.
506 3531 586 3595 libro
616 3531 630 3593 Ι
669 3529 831 3608 Ἀρμένιοι
871 3529 1022 3607 Αὐχένιο(
1058 3527 1232 3604 Γαληναῑοι

136 3645 310 3710 Θαλάιιιο(
340 3647 500 3710 Θυνναῑο(
535 3645 675 3708 Πόντιος
709 3644 896 3721 Πρυμναῖο(
931 3642 1065 3723 Ῥόθιοε,
1102 3641 1182 3704 libro
1201 3641 1232 3704 ΙΙ

134 3759 272 3838 Ληναῑοι
321 3761 464 3824 Nunnio(
513 3759 629 3837 Νόμια(
679 3757 839 3835 Πετραῖοε
886 3756 1006 3837 Ὥριοι,
1066 3755 1147 3820 lihro
1188 3755 1231 3818 ΙΙΙ

137 3874 274 3951 Γλυκέρα
311 3873 453 3950 θεττάλη
478 3872 632 3952 Φοιβιανή
669 3871 760 3950 (talia
789 3869 905 3935 desunt
933 3870 1013 3936 libro
1037 3870 1100 3950 ΙΙΙ)
1135 3891 1154 3934 a
1184 3890 1232 3934 co·

136 3987 261 4052 mocdia
301 3989 406 4052 aliena
440 3993 523 4070 sunt,
559 3987 683 4051 etiamsi
719 3986 850 4067 rariora,
886 3990 921 4050 ut
956 3986 1071 4050 Ξένιοι
1100 3985 1231 4050 Cratini.

135 4099 201 4165 Sed
225 4101 265 4165 iis
288 4101 405 4166 simitia
438 4121 521 4183 quae
545 4099 698 4182 Alciphro
732 4119 771 4163 ex
806 4098 929 4165 duabus
961 4098 1114 4184 stirpibus
1138 4099 1233 4162 tinxit

135 4215 262 4279 nomina
289 4215 418 4299 propria
448 4214 535 4280 velut
557 4214 850 4290 Πινακοεπόγγιεοε
875 4213 1145 4294 Τραπεζολείκτηε
1169 4211 1233 4277 alia
