2724 4794
523 313 695 367 -ssl-

62 486 208 552 Mimnsl
232 509 263 572 p.
281 489 348 554 429
381 487 455 554 adn.
472 489 588 553 XXIII
624 490 759 554 alterum
782 509 802 553 a
825 488 1015 555 Philistione
1051 490 1158 556 mimo·

64 601 198 686 grapho,
235 602 368 667 alterum
399 603 603 668 aSannione
638 623 775 688 persona
810 603 938 668 mimica
973 604 1102 683 (εάνναε
1121 634 1154 658 =

63 716 183 796 μωρόε)
207 715 403 781 derivantur.
450 716 515 782 Sed
540 718 593 799 qui
628 737 736 783 eorum
776 737 858 799 quae
894 717 934 783 de
970 718 1159 804 Lexiphane

65 837 97 894 et
114 830 282 914 Licymnio
299 831 540 896 observavimus
563 832 752 914 meminerit,
776 832 941 916 potiusde
957 832 1159 916 Sannyrionc

63 943 248 1008 comoediae
277 944 406 1010 Altinae
441 946 592 1027 antiquae
629 952 725 1029 poeta
748 946 855 1022 (Mein.
880 947 913 1010 II
937 967 968 1030 p.
994 947 1057 1015 873
1074 949 1158 1029 sqq.)

63 1058 230 1140 cogitabit.

169 1173 201 1236 4.
225 1172 984 1255 Adcomoediamrecedunttprrvanc
1002 1175 1159 1255 ὁδύετρο·

63 1306 125 1350 ποι
148 1288 200 1350 καὶ
224 1286 377 1353 δύεκολοε
394 1290 443 1353 III
461 1290 528 1372 7,3
553 1289 595 1355 ad
619 1291 702 1356 Men.
727 1291 902 1374 Dyscolum
926 1290 984 1368 (IV
1004 1291 1079 1370 105)
1095 1291 1160 1356 iam

64 1421 85 1465 a
108 1399 229 1467 Seilero
254 1403 398 1486 relatum,
432 1404 486 1486 qui
510 1402 651 1470 eiusdem
677 1402 935 1487 Ἐπιτρέπονται,
969 1405 1023 1470 ubi
1048 1403 1159 1470 eodem

64 1515 190 1579 nomine
207 1521 255 1580 est
271 1515 419 1583 sordidus
441 1537 568 1599 avarus,
593 1524 625 1582 et
649 1517 764 1582 Iuliani
781 1518 991 1602 Misopogona
1013 1540 1046 1604 p.
1057 1520 1160 1586 3940

65 1629 98 1692 in
126 1629 311 1696 memoriam
346 1631 484 1696 vocavit.
533 1632 700 1696 Φείδων
726 1632 826 1714 1132,
862 1632 1028 1698 3homini
1062 1654 1160 1718 pareo

54 1743 273 1828 aptissimum,
307 1744 742 1831 Antiphan.111106v.21
769 1746 954 1829 argentarii.
994 1748 1037 1812 oi.
1062 1747 1160 1813 Arist.

64 1857 148 1924 Nub.
165 1857 208 1927 65
232 1867 265 1923 et
287 1860 328 1924 ol
355 1861 551 1939 Φειδωνίδηε
575 1865 607 1924 et
631 1860 849 1943 Φειδιππίδης,
885 1861 1041 1926 Φειδύλοι
1065 1882 1161 1947 supra

66 1993 97 2058 p.
110 1973 163 2055 57,
181 1973 306 2038 Φείδων
324 1973 343 2038 ὁ
359 1974 556 2055 φιλάργυροι
571 1975 625 2038 ΑΡ
642 1975 691 2038 XI
709 1975 783 2040 170.
819 1974 927 2040 Etiam
945 1976 1112 2056 Γνίφων
1129 1977 1161 2040 II

66 2085 153 2167 32,3
171 2087 368 2155 comoediam
384 2091 479 2175 sapit,
496 2095 604 2154 notum
621 2109 662 2154 ex
674 2088 752 2153 Luc.
768 2089 851 2154 Gall.
869 2090 913 2155 30
929 2096 961 2156 et
978 2091 1094 2175 catapl.
1109 2092 1161 2156 17.

11 2185 17 2197 ⁸
65 2200 304 2285 Appellatlvum
333 2225 375 2269 an
397 2204 455 2269 vit.
481 2209 566 2269 auct.
583 2204 625 2268 23
649 2202 692 2269 sit
727 2202 855 2269 dubIto:
890 2204 928 2268 τὸ
953 2205 989 2269 δὲ
1011 2205 1160 2284 γνίφωνα

65 2312 145 2380 εἶναι
169 2318 219 2381 καὶ
243 2316 448 2396 τοκογλύφον
473 2315 516 2380 cf.
541 2314 582 2380 de
605 2334 701 2380 merc.
719 2312 812 2383 cond.
830 2315 873 2380 23
889 2316 927 2379 τὸ
952 2317 992 2394 μὴ
1014 2317 1161 2395 Πυρρίου

66 2431 145 2507 μηδὲ
168 2431 387 2511 Ζωπυρίωνοε
414 2431 485 2495 υἱὸν
509 2428 600 2494 εἶναι.
647 2429 689 2493 Μ.
715 2429 872 2495 Antonius
896 2429 1024 2514 Gnipho
1058 2449 1161 2514 gram·

67 2523 203 2610 malicus
226 2545 357 2611 Sueton.
381 2545 422 2611 de
445 2566 494 2628 gr.
519 2546 549 2610 I.

172 2657 202 2720 5.
228 2658 472 2742 Agnomina
496 2659 655 2743 expressis
679 2658 784 2723 verbis
801 2657 949 2724 dicuntur
971 2657 1162 2738 Ἔμπουεα
1251 2743 1254 2750 ¹

66 2770 223 2852 11126‚3
247 2773 459 2839 contumeliae
494 2793 592 2839 causa
624 2773 773 2857 imposita
808 2771 850 2838 ad
886 2773 1066 2860 exemplum
1100 2775 1162 2840 De·

66 2885 241 2951 mosthenis
251 2907 295 2952 or.
307 2888 430 2965 XVIII,
449 2889 513 2953 130
524 2889 576 2971 qui
590 2886 724 2954 eandem
735 2887 904 2955 Aeschinis
917 2887 1028 2954 matris
1041 2889 1162 2953 ἐπωνυ·

66 2999 141 3076 μίαν
164 2997 276 3065 iisdem
301 3001 369 3066 fere
394 3002 500 3068 verbis
532 3004 580 3083 (ἐκ
602 3006 660 3067 τού
684 3002 791 3067 πάντα
814 3006 919 3068 ποιεῖν
942 3005 994 3066 καὶ
1017 3001 1161 3082 πάεχεινλ

66 3111 210 3197 explicat
223 3117 258 3194 ¹).
305 3113 627 3196 Ὀρθοκόρυῑοε
651 3117 700 3181 III
719 3115 808 3199 12,5
832 3115 1021 3200 LonmnIus
1050 3116 1162 3181 histrio

65 3232 199 3311 propter
221 3229 279 3308 τὴν
301 3229 471 3310 ἀχάριετον
494 3234 610 3312 φωνήν
643 3236 778 3296 vocatur
810 3250 905 3312 quam
929 3249 947 3294 e
970 3229 1086 3314 κορύζῃ
1111 3249 1162 3295 ac·

65 3342 191 3427 cepisse
216 3342 344 3412 dicitur.

174 3459 206 3524 6.
229 3459 365 3527 Restant
399 3481 482 3526 nunc
517 3467 645 3546 praeter
676 3461 804 3526 nomina
828 3479 846 3526 e
869 3459 1163 3546 proverbiorum

67 3573 299 3641 consuetudine
323 3577 425 3660 petita
447 3595 529 3659 quae
554 3581 588 3641 ut
603 3576 645 3641 ab
661 3576 733 3640 aliis
752 3575 831 3640 satis
855 3574 1018 3660 explicata
1041 3573 1163 3656 omitto,

65 3688 222 3752 nomina
244 3709 450 3755 servorum.

177 3802 443 3883 ΝουμήνιοεΙΙ
455 3803 509 3885 36,
528 3806 544 3868 1
563 3806 596 3868 in
612 3805 680 3870 vita
692 3803 933 3869 usitatissimum
945 3801 1161 3887 (supano.

66 3915 120 3980 Pr.
134 3915 201 3982 Art.
214 3918 502 4001 11134—11142)‚
519 3939 559 3984 ex
570 3919 640 4004 ipsa
651 3918 788 4004 epistula
799 3916 1006 4002 intellegitur.
1030 3917 1058 3980 Ζ
1064 3917 1164 3980 ώπυ·

66 4049 134 4109 poc
151 4032 264 4110 11121,
284 4034 344 4098 lin
357 4035 403 4101 lo
419 4035 557 4120 saepius,
574 4035 709 4119 primum
725 4033 827 4109 1440,
844 4033 1070 4118 imperatorum
1088 4036 1164 4095 tem·

169 4254 196 4318 1)
217 4255 263 4309 De
282 4257 449 4326 veriloquio
469 4255 604 4312 Solmsen
624 4254 659 4309 K.
679 4254 708 4308 Z.
727 4254 771 4322 34,
789 4253 842 4308 soc
852 4267 916 4322 sqq.
