2724 4794
667 275 843 334 ὴ,94-

208 454 365 536 πίβουλον
389 450 616 534 Ἀρτεπίθυμον
648 454 774 537 fingere
803 450 955 539 potuerit.
1002 451 1137 516 Accedit
1162 445 1246 533 quod
1273 448 1304 516 in

210 577 274 635 tarn
292 571 461 656 perspicuo
485 570 613 634 nomine
629 568 682 633 vix
700 569 848 653 exemplo
864 569 894 632 ei
910 587 990 652 opus
1006 573 1085 650 erat,
1110 568 1185 648 quin
1209 567 1304 632 etiam

209 684 270 749 hoo
294 685 407 750 melius
429 685 542 749 fictum
567 682 694 749 videtur
718 704 813 766 quam
836 682 915 747 illud
952 683 1002 747 vel
1033 682 1140 766 potios
1168 682 1307 760 Ἀρτεπί-

209 805 306 878 θυμο(
331 801 434 884 magis
458 800 609 884 parasito,
634 799 770 864 alterum
794 799 897 881 magis
916 797 997 860 muri
1020 795 1179 861 convenit.
1227 797 1306 861 Utut

209 920 269 996 est,
293 914 349 978 rei
373 903 598 979 similitudines
614 913 694 978 satis
714 912 941 994 intelleguntur
957 930 997 976 ex
1021 930 1143 975 murum
1167 915 1199 974 et
1215 931 1307 994 para·

208 1030 340 1093 sitorum
361 1035 476 1094 natura
500 1034 650 1112 cognata,
679 1047 774 1109 quam
799 1032 936 1091 testatur
959 1025 1066 1090 Plauti
1078 1026 1166 1089 Pers.
1186 1024 1305 1106 55sqq.

211 1162 323 1225 neque,
348 1163 418 1207 cum
435 1148 625 1226 argumenta
648 1142 719 1226 ipsa
734 1139 819 1206 uude
835 1141 963 1206 nomina
980 1138 1142 1204 derivaret
1165 1136 1305 1219 aliunde,

211 1277 359 1338 magnam
384 1262 506 1340 partem
531 1275 549 1320 e
566 1253 735 1320 comoedia
750 1263 897 1336 sumeret,
921 1253 965 1319 ad
981 1255 1116 1318 formam
1133 1253 1307 1317 Batracho-

211 1368 358 1434 rnaolriae
381 1369 509 1434 nomina
532 1370 645 1434 unicus
669 1368 738 1434 eius
761 1369 834 1433 fons
856 1368 957 1433 fuisse
980 1366 1138 1433 videntur.

316 1484 348 1548 3.
373 1505 402 1548 a.
427 1483 584 1566 Denique,
609 1483 635 1547 si
652 1482 857 1567 Alciphronis
880 1483 1068 1546 nominum
1093 1481 1306 1566 personalium

210 1599 429 1663 rationem
453 1598 495 1661 in
519 1598 772 1662 universum
790 1603 982 1682 spectamus
1006 1597 1106 1662 multa
1129 1597 1308 1661 invenimus

212 1719 287 1777 aute
312 1733 382 1777 eum
407 1711 533 1795 similia,
568 1712 720 1777 nonnulla
743 1713 772 1776 ei
796 1719 882 1795 nota,
917 1732 1021 1797 pauca
1044 1710 1217 1777 manifesta
1241 1711 1309 1775 irni-

210 1828 332 1892 tatione
371 1846 533 1911 expressa.
592 1826 697 1903 Quare
738 1825 824 1891 haud
858 1826 975 1891 iniuria
1010 1825 1127 1891 dicitur
1161 1826 1193 1889 in
1229 1825 1308 1911 ipsis

209 1941 389 2006 nominibus
423 1940 582 2024 eligendis
604 1940 809 2024 tingendisve
843 1961 914 2005 eum
937 1941 1076 2005 maxime
1106 1960 1195 2005 suum
1219 1961 1308 2024 prae

213 2055 334 2120 stitisse
357 2055 520 2139 ingenium
544 2055 688 2139 liberum,
718 2061 869 2138 quantum
895 2055 1022 2138 quidem
1047 2055 1133 2120 illius
1155 2056 1308 2139 temporis

211 2171 349 2254 scriptor
372 2171 453 2235 liber
471 2171 574 2254 potuit
590 2190 670 2236 esse.
706 2172 819 2252 ltaque
837 2171 896 2234 etsi
913 2171 1068 2254 exemplis
1091 2190 1177 2252 usus,
1201 2177 1308 2235 tamen

210 2305 273 2347 nou
308 2284 498 2368 simpliciter
530 2285 672 2349 imitatus
705 2283 852 2349 distinxit
885 2292 982 2366 atque
1017 2284 1125 2368 elegit,
1162 2305 1244 2367 quac
1279 2286 1308 2349 ei

211 2398 327 2462 idonea
345 2398 546 2463 videbantur.
594 2398 673 2464 Cum
696 2399 903 2484 epistularum
927 2401 1065 2483 nomina,
1090 2400 1205 2481 quibus
1229 2419 1309 2483 opus

211 2521 288 2586 crat,
307 2533 324 2577 e
341 2533 375 2577 re
391 2514 451 2578 sibi
469 2512 624 2597 fingenda
641 2515 868 2599 proposuisset,
886 2514 932 2579 ita
947 2517 978 2578 in
996 2535 1035 2579 ea
1048 2534 1082 2578 re
1096 2521 1239 2579 versatus
1249 2520 1308 2595 est,

211 2636 246 2688 nt
262 2628 322 2690 nisi
335 2648 405 2692 raro
419 2647 458 2691 ex
475 2627 610 2711 singulis
623 2628 767 2713 epistulis
784 2629 943 2693 nominum
962 2649 1076 2694 causas
1092 2649 1153 2693 non
1167 2628 1310 2693 traheret

212 2740 268 2818 (ct.
286 2761 338 2824 pp.
356 2743 405 2804 12.
424 2743 476 2805 22.
493 2743 558 2824 46),
594 2742 651 2807 sed
676 2743 716 2807 ad
746 2742 873 2808 diversa
896 2743 1103 2828 epistularum
1127 2763 1247 2825 genera
1271 2763 1309 2807 ea

211 2855 469 2920 accommodaret
494 2856 675 2940 piscatoriis
692 2857 874 2941 piscatoria,
901 2858 1028 2922 rusticis
1048 2858 1167 2922 rustica
1183 2855 1309 2922 eodem-

212 2989 273 3048 que
289 2969 382 3034 nrodo
400 2971 516 3034 ceteris
532 2970 660 3035 nomina
676 2971 828 3054 tribuens,
854 2991 986 3053 quorum
1004 2972 1152 3056 exempla
1168 2970 1309 3054 undique

213 3084 413 3164 conquisivit.
475 3084 545 3162 Qua
587 3091 692 3149 tamen
734 3087 763 3149 in
805 3107 840 3151 re
881 3106 952 3151 cum
988 3087 1134 3152 veritatis
1167 3086 1308 3171 speciem

213 3196 372 3277 ornandam
398 3197 544 3275 affectet,
579 3198 620 3262 fit
643 3206 677 3263 ut
714 3221 861 3283 magnam
898 3207 1021 3284 partem
1058 3201 1145 3266 vitae
1181 3202 1309 3264 nomina

213 3310 376 3391 arllribeot,
414 3311 500 3376 volut
535 3313 637 3397 primo
672 3313 753 3378 libro
789 3314 957 3379 Galateam
991 3315 1145 3380 Galcnnm
1170 3315 1307 3379 Eudium

214 3425 416 3490 'l'lralassiurn
441 3426 590 3490 Pontium
620 3428 769 3510 primario
802 3449 895 3493 sensu
930 3450 1015 3510 usne,
1043 3429 1209 3494 nonnullis
1233 3448 1309 3493 vero

213 3540 299 3603 aliud
331 3561 512 3626 supponens
548 3548 688 3626 elymum
722 3564 761 3608 ac
796 3545 864 3609 vita
888 3545 975 3610 velut
999 3544 1133 3629 Gyrtoni
1158 3544 1309 3608 Hermoni

214 3655 364 3719 Armenio
387 3655 564 3720 Auchenio.
610 3657 691 3721 Earn
726 3659 812 3723 vitae
842 3658 1015 3742 imaginem
1049 3665 1083 3723 ut
1118 3659 1310 3743 exprimeret

214 3776 411 3853 qrrnnmpere
447 3771 476 3834 ei
512 3770 694 3854 contigerit,
734 3773 861 3837 navium
901 3773 1142 3837 Atheniensium
1182 3773 1311 3836 nomina

213 3883 331 3946 docent
375 3902 488 3966 reapse
530 3885 675 3949 similiter
718 3885 849 3951 inventa
892 3892 927 3950 ut
971 3886 1125 3950 Γαλάτεια
1160 3885 1311 3964 Παραλία

216 3996 407 4074 Ἀγρεύουεα
420 4005 452 4062 ct
469 3998 559 4076 Θήρα
576 3998 719 4062 Εὔπλοια
743 4005 775 4064 et
790 4000 964 4078 Πρόπλοαε
981 4002 1146 4084 (ῳῑομένη
1164 4000 1311 4084 (diocto

213 4112 403 4176 (ωείπτολιε
439 4112 578 4190 (ώτειρα
607 4112 647 4194 (v.
667 4113 711 4178 lt}
729 4114 761 4177 ΙΙ
794 4114 939 4195 indices).
987 4116 1131 4179 Aliorum
1169 4122 1310 4198 etymum

213 4225 329 4289 nullius
352 4226 503 4290 momenti
524 4232 582 4307 est,
607 4233 679 4291 sunt
696 4228 833 4304 nomina,
858 4249 940 4310 quae
957 4227 1222 4313 appellativorum
1240 4227 1311 4294 loco
