2724 4794
598 284 774 339 -69..

138 458 240 536 νίδης
253 456 283 537 (ὁ
301 457 445 537 λαμπρός
462 457 590 536 Suidas)
617 458 675 520 Αν.
697 458 758 521 139
776 457 849 521 alia.
896 457 1054 541 Imprimis
1079 477 1234 542 personae

137 573 168 636 in
193 592 310 637 soaena
334 579 467 656 agentes
484 574 530 636 ita
547 573 747 637 nominantur
764 571 1087 658 doharnensibus
1104 573 1232 637 Δικαιό-

138 691 230 751 πολις
267 687 543 769 Ψευδαρτάβηςῑ),
579 687 792 768 Equitibus
824 688 1025 767 Παφλαγών,
1059 687 1233 754 Nubibus

136 802 343 880 Φειδιππίδης
366 803 536 886 („Janlrer
552 802 737 885 Sporross“
757 801 906 884 Lessing)
931 801 1063 882 Παςίας,
1089 801 1233 884 Vespis

136 917 276 981 Ξανθία(
310 917 427 981 (ωςίας
460 916 578 980 οἰκέται
602 953 645 962 —-
671 917 875 990 Βδελυκλέων
904 916 1099 996 Φιλοκλέων,
1134 916 1232 979 Paeo

131 1032 303 1113 Τρυγαῖος,
328 1032 475 1096 Avibus
497 1031 673 1110 Εὐελπίδης
696 1032 902 1110 Πιςθέταιρος
926 1031 1098 1110 Τρόχιλος,
1122 1031 1233 1115 Lysi-

135 1152 263 1211 strata
297 1146 487 1224 Λυςιςτράτη
525 1147 680 1223 Καλονίκη
722 1147 874 1227 Κινηςίας,
914 1146 1037 1210 Ranis
1077 1145 1247 1227 Ξανθίας,-

134 1260 423 1326 Eeolesiazusis
445 1262 651 1343 Πραξαγόρα,
681 1261 792 1325 Pluto
818 1260 981 1340 >loquitor
1008 1261 1132 1339 Καρίων
1159 1262 1229 1325 Βλε-

134 1375 281 1453 ψίδημος.
330 1376 462 1439 Praeter
488 1374 548 1440 bas
574 1395 727 1460 personas
756 1374 950 1458 principales
984 1380 1176 1439 memoratas
1199 1376 1230 1437 in

134 1487 292 1554 indicibus
325 1489 455 1554 fabulae
490 1489 679 1574 antepositis
709 1490 805 1553 otiam
830 1489 946 1553 oeteris
970 1488 1015 1553 ibi
1039 1488 1232 1572 generaliter

133 1601 228 1669 dietis
252 1604 283 1667 in
300 1604 372 1688 ipsa
391 1603 501 1668 fabula
518 1605 645 1668 nomina
662 1624 702 1668 ex
724 1624 758 1668 re
775 1603 944 1686 eliguntur.
972 1603 1084 1687 Vespis
1102 1602 1231 1684 quidem

134 1737 215 1799 quae
239 1717 271 1781 in
295 1717 401 1782 indioe
422 1724 470 1783 est
494 1717 674 1797 ἀρτόπωλις
699 1740 729 1783 ν.
749 1718 834 1783 1396
845 1739 892 1800 sq.
918 1737 986 1782 esse
1004 1717 1150 1797 Μυρτίαν
1172 1719 1231 1796 τὴν

101 1840 103 1845 ’
133 1833 341 1908 Ἀγκυλίωνος
366 1835 416 1895 καὶ
440 1832 624 1912 (ωςτράτης
647 1834 718 1917 ipsa
734 1833 890 1916 gloriatur
906 1831 1114 1913 similiterque
1130 1836 1230 1910 χοροῦ

132 1946 295 2025 γερόντων
326 1948 457 2026 ςφήκων
492 1947 634 2012 membra
666 1968 715 2012 νν.
741 1948 934 2029 aaa-234,
959 1948 1022 2010 401
1051 1947 1230 2011 nominibus

132 2060 344 2144 appellantur.
381 2062 604 2126 Praetermitto
622 2068 746 2125 ceteras
758 2061 896 2142 fabulas,
914 2061 968 2124 ubi
981 2060 1093 2124 eadem
1106 2080 1157 2125 res
1170 2068 1229 2144 est,

132 2175 352 2241 memorabiles
379 2182 452 2240 sunt
477 2176 617 2240 Διτύλας
642 2175 798 2255 (κεβλύας
823 2175 994 2254 Παρδόκας
1020 2176 1104 2240 servi
1129 2174 1228 2239 Aeaei

132 2289 211 2352 Ran.
226 2289 290 2354 608
308 2310 347 2354 ao
364 2289 550 2369 Μαριλάδης
571 2291 760 2368 Δράκυλλος
786 2290 968 2370 Εὐφορίδης
984 2290 1138 2369 Πρινίδης
1163 2310 1229 2354 oar·

130 2402 254 2467 bonarii
275 2403 413 2468 Aobarn.
432 2405 649 2484 ooo-6112).

237 2519 281 2583 At
321 2519 431 2583 talium
476 2519 567 2601 quasi
611 2519 699 2602 leges
744 2518 881 2583 definire
920 2539 1037 2583 vanum
1076 2525 1135 2601 est,
1182 2520 1228 2584 ita

130 2638 282 2698 venustus
312 2633 365 2697 ille
397 2633 484 2698 lusus
517 2639 575 2717 est,
610 2641 645 2698 ut
680 2634 780 2699 libere
814 2655 854 2698 ex
889 2633 951 2698 loei
986 2632 1162 2700 rationibus
1196 2641 1228 2698 et

130 2752 244 2831 poetae
278 2747 406 2830 ingenio
439 2748 590 2814 nascitur.
642 2749 765 2813 Tamen
800 2769 871 2813 oum
908 2748 1093 2813 eomoediae
1127 2768 1228 2832 genus

130 2862 280 2944 variaret,
311 2863 471 2926 nominum
495 2862 582 2926 lusus
616 2860 847 2928 consuetudine
880 2863 1051 2928 artioribus
1086 2862 1228 2928 terminis

132 2975 390 3061 circumscriptus
414 2997 532 3041 morem
550 2977 708 3059 quendam
724 2977 832 3042 babet.
883 2975 1134 3042 Anaxandridae
1150 2997 1227 3041 vero

129 3111 169 3154 ea
203 3090 391 3175 tragoediae
427 3098 458 3156 et
492 3091 677 3157 comoediae
712 3090 898 3156 differentia
932 3092 1002 3157 visa
1041 3097 1100 3172 est,
1140 3090 1226 3173 quod

129 3217 343 3225 ———---—-.

235 3269 262 3332 1)
281 3268 422 3322 Fieticius
436 3269 597 3323 Persarum
608 3270 728 3338 legatus
742 3270 910 3338 anteposito
923 3271 1008 3334 ψευδ-
1020 3284 1130 3322 nomen
1147 3270 1226 3338 gerit

128 3363 227 3418 Persis
247 3366 410 3434 proprium.
448 3365 589 3420 Similiter
608 3363 776 3434 Aeschylus
795 3365 896 3419 Persis
914 3366 968 3420 318
992 3365 1135 3431 Ἀρτάμην
1154 3365 1225 3418 Bae·

129 3461 217 3514 trium
238 3461 612 3530 atqueHerondas1138
640 3462 791 3528 Ἀρτίμμην
820 3462 988 3515 introduxit
1018 3477 1055 3515 ex
1082 3464 1175 3531 stirpe
1194 3463 1225 3516 in

128 3558 300 3611 nominibus
320 3558 405 3612 velut
424 3559 596 3626 Ἀρτάβαζος.
610 3559 815 3626 Ἀρτοβαζάνης
834 3558 977 3625 Ἀρτύβιος
996 3560 1156 3627 frequenti.
1182 3558 1224 3613 Cf.

130 3652 310 3708 Guilelmum
339 3654 466 3710 schulze
490 3655 564 3710 Mus
584 3656 677 3710 Rhen.
697 3655 740 3722 la,
769 3655 894 3725 252sqq.
932 3655 1092 3710 Herondae
1123 3656 1225 3709 similis

127 3751 280 3804 nominum
310 3754 502 3807 commutatio
532 3753 614 3823 apud
644 3753 779 3806 Eustath.
800 3752 840 3806 IV
860 3753 893 3806 13
912 3752 1224 3820 ὙςμινίαςεἈτράκης.

234 3848 261 3912 9)
280 3848 334 3902 Vel
348 3851 378 3901 in
390 3849 550 3903 locorum
561 3850 734 3903 nominibus
749 3848 900 3918 Aristoph.
911 3850 990 3903 ludit
1000 3850 1084 3903 velut
1094 3849 1223 3904 Acharn.

128 3943 180 3998 234
201 3945 359 4011 Βαλληνάδε
374 3963 391 3999 a
404 3947 539 4015 Παλλήνη
561 3948 702 4000 derivans
723 3963 758 4000 ae
777 3963 859 4001 nova
878 3949 999 4015 fingens
1019 3947 1102 4000 velut
1115 3946 1225 4013 Ὀρνεαί

128 4039 183 4092 Αν.
203 4041 255 4094 399
283 4041 349 4108 1οοὶ,
382 4044 412 4094 ἐν
432 4043 514 4095 Χαόςι
534 4041 607 4096 Aen.
627 4043 678 4096 604
698 4043 811 4112 populi,
842 4044 891 4096 eui
911 4043 1017 4095 similia
1038 4043 1224 4110 excogitavit

127 4137 179 4205 Eq.
205 4138 240 4191 78
258 4154 300 4206 sq.
330 4138 440 4199 Χάονες,
471 4139 598 4207 Αἰτωλοί,
633 4139 773 4193 Κλωπίδαι
805 4139 1019 4207 (ΚίαῙῙονῑααςί,
1049 4139 1223 4208 Habsburp,

128 4232 292 4290 Ladroaen
313 4236 420 4301 Koek).
516 4262 519 4266 ·
