2724 4794
547 311 722 368 ,85-

85 485 175 567 locis,
200 484 241 550 de
266 486 380 567 quibus
405 487 444 551 R.
468 507 499 570 p.
519 487 557 550 ll
583 486 678 568 dixit,
713 486 825 552 eadem
859 487 1081 554 additamenta
1109 488 1180 556 arai

85 599 238 684 phronem
252 607 284 664 et
296 600 471 665 Lucianum
483 601 524 665 ad
537 601 722 666 comoediae
736 602 823 668 locos
836 602 1045 668 admiscuisse
1056 601 1183 668 demon-

84 715 199 779 stravit
234 735 293 780 nec
329 735 411 797 quae
435 716 570 780 Luciani
606 716 754 781 convivio
783 737 854 781 oum
888 738 938 801 ep.
960 718 1007 781 ΙΙΙ
1033 719 1073 780 19
1113 740 1184 783 con·

83 829 225 893 sentiunt
242 828 357 910 (Reich
374 851 405 913 p.
426 830 465 894 16
482 833 543 912 sq.)
567 831 660 914 plura
672 837 745 897 sunt
762 851 857 914 quam
874 832 1027 897 orationis
1046 833 1182 897 flosculi.

84 941 211 1008 Deinde
235 944 372 1008 maxime
397 945 575 1010 nominibus
598 946 735 1029 propriis
760 946 954 1030 comparatis
971 947 1072 1012 Reich
1096 948 1183 1012 nisus

85 1063 142 1122 est.
197 1059 362 1122 Amatoria
396 1058 481 1143 apud
517 1059 696 1124 Lucianum
730 1061 885 1143 imprimis
919 1061 952 1124 in
985 1061 1183 1144 dialogis

78 1171 365 1236 ,meretricum
390 1171 603 1254 inveniuntur,
640 1175 753 1255 quibus
783 1195 854 1238 curn
879 1174 1074 1260 Aloiphrone
1099 1197 1182 1240 com-

84 1307 194 1352 munes
206 1292 279 1352 sunt
291 1286 568 1352 celeberrimarum
581 1288 782 1352 meretricum
796 1288 932 1355 Thaidis
945 1290 1094 1356 Leaenae
1105 1290 1181 1375 Gly-

84 1421 177 1466 cerae
196 1400 368 1467 Bacchidis
384 1401 542 1467 Melissae.
581 1401 646 1467 Sed
664 1401 779 1468 desunt
803 1402 889 1488 apud
910 1404 1088 1470 Lucianum
1105 1404 1182 1469 Lais

87 1515 216 1600 Phryne
230 1515 399 1580 Leontium
410 1515 525 1580 Lamia
539 1515 730 1581 Gnathaena
743 1537 938 1600 quamquam
956 1519 1182 1584 celeberrimae

84 1629 174 1706 Quae
210 1629 391 1694 differentia
424 1630 530 1713 magni
564 1630 765 1696 aestimanda
794 1637 867 1696 esta
905 1632 1059 1717 Aloiphro
1090 1654 1182 1698 veras

84 1766 237 1831 personas
260 1747 416 1830 epistulas
438 1747 615 1814 scribentes
631 1747 712 1812 facit
728 1768 767 1812 ac
783 1746 992 1812 Menandrum
1008 1748 1179 1832 Epicurum

84 1860 281 1923 Demetrium
298 1860 448 1929 Euthiam
466 1859 665 1945 Hyperidem
689 1860 874 1942 introducit,
898 1861 985 1946 apud
1002 1861 1180 1926 Lucianum

84 1973 235 2039 historiae
259 1975 341 2038 ratio
365 1975 466 2054 abest,
503 1974 571 2039 eius
595 1974 735 2058 Glycera
759 1974 838 2039 nihil
861 1976 922 2041 nisi
945 1977 1097 2042 meretrix
1122 1981 1180 2058 est,

84 2089 173 2153 cuius
197 2108 268 2152 uum
284 2086 461 2152 Menandro
484 2087 688 2152 familiaritas
700 2107 740 2152 ne
757 2096 1020 2154 commemoratur
1041 2089 1180 2171 quidem.

83 2202 110 2266 Ε
127 2202 257 2283 reliquis
280 2209 454 2267 scortorum
479 2202 659 2268 nominibus
674 2202 879 2267 Parthenium
898 2204 992 2269 Doris
1009 2203 1178 2288 Chrysium

82 2314 174 2396 (Luc.
200 2316 345 2401 Chrysis)
369 2315 455 2401 apud
481 2322 648 2399 utrumque
672 2323 850 2400 occurrunt,
887 2323 995 2393 cetera
1019 2318 1172 2403 Aloiphro

82 2428 219 2512 addidit,
250 2432 296 2496 ita
320 2437 354 2495 ut
378 2431 459 2496 inter
483 2429 526 2494 42
551 2432 679 2496 nomina
703 2432 884 2497 meretricia
907 2431 1125 2518 'Aloiphronea
1148 2441 1179 2498 et

79 2542 126 2638 'll
138 2544 302 2609 Lucianea
325 2544 524 2628 dialogorum
541 2546 741 2610 meretricum
765 2566 828 2610 non
851 2547 943 2631 plura
959 2566 1055 2629 quam
1070 2546 1092 2612 8
1105 2568 1179 2612 con·
1210 2591 1213 2597 -

83 2666 209 2742 gruunt.
241 2660 367 2724 Deinde
384 2680 401 2724 e
417 2657 461 2724 24
477 2661 673 2726 amatoribus
690 2661 743 2742 qui
761 2666 834 2726 sunt
850 2660 936 2745 apud
953 2660 1180 2746 Aloiphronem

82 2772 115 2836 in
139 2773 340 2838 meretricum
374 2772 512 2857 dialogis
535 2771 578 2838 28
602 2774 794 2840 habentibus
817 2775 837 2840 3
862 2781 985 2840 tantum
1009 2784 1179 2841 occurrunt

84 2887 231 2971 Diphilus
247 2888 434 2971 Pamphilus
450 2887 576 2973 Lysiae.
622 2889 736 2972 Neque
756 2889 836 2955 haec
852 2910 956 2973 neque
979 2889 1035 2954 illa
1050 2890 1177 2954 nomina

83 3000 236 3066 eiusmodi
260 3009 342 3084 sunt,
366 3009 402 3067 ul
417 3003 497 3068 alter
521 3004 580 3068 nisi
605 3004 646 3068 ab
670 3003 771 3068 altero
788 3025 827 3070 ea
843 3005 1007 3088 accepisse
1030 3010 1179 3086 nequeat,

83 3114 178 3179 immo
203 3117 411 3181 usitatissima
435 3117 467 3181 in
491 3118 581 3201 poesi
606 3117 727 3211 erotica
742 3124 825 3201 sunt,
850 3117 1036 3203 Pamphilus
1051 3117 1181 3202 insuper

85 3249 186 3295 novae
211 3228 397 3296 comoediae
420 3231 536 3312 figura.
585 3233 756 3297 Praeterea
780 3232 882 3297 Reich
914 3252 1024 3297 sonum
1057 3238 1179 3297 tantum

82 3343 224 3428 respexit
247 3364 350 3426 neque
377 3351 528 3411 accurate
552 3347 711 3410 nominum
745 3367 864 3430 genera
900 3346 1056 3412 distinxit.
1105 3349 1180 3411 Κλυ-

87 3460 164 3536 μένη
190 3458 316 3540 quidem
342 3482 373 3545 p.
398 3462 419 3525 6
443 3461 476 3525 in
501 3460 638 3545 dialogis
662 3460 817 3541 deorum
850 3482 913 3525 non
937 3462 1180 3526 meretricum

83 3577 131 3637 est
154 3593 258 3655 neque
281 3573 346 3638 ulla
369 3573 452 3638 ratio
468 3576 551 3641 inter
567 3582 734 3658 utramque
750 3574 929 3658 intercedit,
955 3575 1076 3656 Νεβρίε,
1094 3573 1180 3656 quod
1265 3577 1273 3588 “

83 3707 197 3752 nomen
222 3689 400 3754 consentire
424 3688 463 3754 R.
487 3689 708 3772 gravissimum
732 3696 825 3775 putat
848 3712 879 3775 p.
906 3692 935 3772 l,
959 3690 992 3754 in
1017 3687 1180 3755 codicibus

87 3800 311 3886 Aloiphroneis
349 3824 412 3867 non
451 3809 498 3868 est
537 3803 595 3870 sed
629 3805 751 3886 Neupic,
770 3880 772 3887 Ι
794 3805 1021 3890 „Arrrpeiioais
1061 3823 1181 3867 nomen

84 3918 220 3980 oouuisu'
243 3918 336 4001 apud
352 3915 591 4001 Aloiphronem
615 3921 768 3984 ellasar.
788 3920 828 3982 ΙΙ
843 3921 886 3984 97
911 3918 1074 3997 iuoeairi“
1093 3935 1180 3981 error

86 4035 133 4093 est
162 4029 297 4113 Reichii,
330 4038 365 4096 ut
388 4034 640 4116 praetermittam
675 4031 849 4117 Ampelida
872 4033 1048 4097 Lucianum
1082 4050 1181 4095 mere-

86 4149 207 4226 tricem,
235 4145 459 4230 Aloiphronem
477 4147 628 4212 rusticum
646 4147 838 4231 Ampeliona
853 4143 1027 4212 nominare.
1047 4145 1181 4213 Noverit

83 4258 217 4324 forsitan
252 4260 408 4345 Aloiphro
442 4260 628 4342 Lucianum,
665 4280 736 4326 curn
777 4266 919 4346 tempore
954 4260 1009 4325 vix
1047 4259 1179 4324 multum
