<?xml version="1.0" encoding="UTF-8"?>
<!DOCTYPE html PUBLIC "-//W3C//DTD XHTML 1.0 Transitional//EN"
    "http://www.w3.org/TR/xhtml1/DTD/xhtml1-transitional.dtd">
<html xmlns="http://www.w3.org/1999/xhtml" xml:lang="en" lang="en">
 <head>
  <title>
</title>
<meta http-equiv="Content-Type" content="text/html;charset=utf-8" />
  <meta name='ocr-system' content='tesseract 3.04.00' />
  <meta name='ocr-capabilities' content='ocr_page ocr_carea ocr_par ocr_line ocrx_word'/>
</head>
<body>
  <div class='ocr_page' id='page_1' title='image "./denominibvsapvd00sondgoog_0084.png"; bbox 0 0 2724 4794; ppageno 0'>
   <div class='ocr_carea' id='block_1_1' title="bbox 610 265 782 330">
    <p class='ocr_par' dir='ltr' id='par_1_1' title="bbox 610 265 782 330">
     <span class='ocr_line' id='line_1_1' title="bbox 610 265 782 330; baseline 0 -14"><span class='ocrx_word' id='word_1_1' title='bbox 610 265 712 330; x_wconf 66' lang='lat'>..81</span> <span class='ocrx_word' id='word_1_2' title='bbox 751 307 782 316; x_wconf 86' lang='lat'>-.</span> 
     </span>
    </p>
   </div>
   <div class='ocr_carea' id='block_1_2' title="bbox 102 446 1249 2357">
    <p class='ocr_par' dir='ltr' id='par_1_2' title="bbox 102 446 1249 2357">
     <span class='ocr_line' id='line_1_2' title="bbox 142 446 1242 529; baseline 0.002 -17"><span class='ocrx_word' id='word_1_3' title='bbox 142 454 229 512; x_wconf 89' lang='lat' dir='ltr'>suut:</span> <span class='ocrx_word' id='word_1_4' title='bbox 248 448 289 513; x_wconf 88' lang='lat' dir='ltr'>ab</span> <span class='ocrx_word' id='word_1_5' title='bbox 313 447 549 513; x_wconf 83' lang='lat' dir='ltr'>animalibus</span> <span class='ocrx_word' id='word_1_6' title='bbox 565 446 692 526; x_wconf 89' lang='grc' dir='ltr'>Ἄρνων</span> <span class='ocrx_word' id='word_1_7' title='bbox 710 448 896 527; x_wconf 88' lang='grc' dir='ltr'>Βυυβαλίων</span> <span class='ocrx_word' id='word_1_8' title='bbox 912 447 1064 529; x_wconf 86' lang='grc' dir='ltr'>Ἐλάφων</span> <span class='ocrx_word' id='word_1_9' title='bbox 1078 448 1242 529; x_wconf 88' lang='grc' dir='ltr'>Ὀρτύγων</span> 
     </span>
     <span class='ocr_line' id='line_1_3' title="bbox 140 561 1243 643; baseline 0.002 -16"><span class='ocrx_word' id='word_1_10' title='bbox 140 561 342 642; x_wconf 86' lang='grc' dir='ltr'>Πορφυρίων</span> <span class='ocrx_word' id='word_1_11' title='bbox 373 562 532 639; x_wconf 85' lang='grc' dir='ltr'>Τεττίγων</span> <span class='ocrx_word' id='word_1_12' title='bbox 565 599 608 608; x_wconf 93' lang='lat'>—-</span> <span class='ocrx_word' id='word_1_13' title='bbox 643 563 684 628; x_wconf 90' lang='lat' dir='ltr'>ab</span> <span class='ocrx_word' id='word_1_14' title='bbox 720 563 929 628; x_wconf 79' lang='lat' dir='ltr'>arboribus</span> <span class='ocrx_word' id='word_1_15' title='bbox 963 563 1106 643; x_wconf 84' lang='grc' dir='ltr'>Αἴγειρος</span> <span class='ocrx_word' id='word_1_16' title='bbox 1140 566 1243 629; x_wconf 89' lang='grc' dir='ltr'>Κυπα-</span> 
     </span>
     <span class='ocr_line' id='line_1_4' title="bbox 141 675 1241 763; baseline 0.004 -24"><span class='ocrx_word' id='word_1_17' title='bbox 141 677 255 754; x_wconf 89' lang='grc' dir='ltr'>ρίςςων</span> <span class='ocrx_word' id='word_1_18' title='bbox 271 676 442 742; x_wconf 85' lang='grc' dir='ltr'>Πλάτανος</span> <span class='ocrx_word' id='word_1_19' title='bbox 462 677 560 741; x_wconf 90' lang='lat' dir='ltr'>—ab</span> <span class='ocrx_word' id='word_1_20' title='bbox 585 675 718 742; x_wconf 88' lang='lat' dir='ltr'>herbis</span> <span class='ocrx_word' id='word_1_21' title='bbox 742 698 891 743; x_wconf 87' lang='lat' dir='ltr'>carumve</span> <span class='ocrx_word' id='word_1_22' title='bbox 914 679 1059 763; x_wconf 90' lang='lat' dir='ltr'>partibus</span> <span class='ocrx_word' id='word_1_23' title='bbox 1075 677 1241 758; x_wconf 89' lang='grc' dir='ltr'>Ἀμπελιύν</span> 
     </span>
     <span class='ocr_line' id='line_1_5' title="bbox 102 788 1240 879; baseline 0.003 -25"><span class='ocrx_word' id='word_1_24' title='bbox 102 875 104 879; x_wconf 68' lang='lat'>,</span> <span class='ocrx_word' id='word_1_25' title='bbox 141 788 327 870; x_wconf 88' lang='grc' dir='ltr'>Ἀμπέλινος</span> <span class='ocrx_word' id='word_1_26' title='bbox 343 792 490 870; x_wconf 90' lang='grc' dir='ltr'>Τρυγίας.</span> <span class='ocrx_word' id='word_1_27' title='bbox 516 828 558 837; x_wconf 94' lang='grc'>-</span> <span class='ocrx_word' id='word_1_28' title='bbox 584 790 766 870; x_wconf 83' lang='grc' dir='ltr'>Ἀςταχύων</span> <span class='ocrx_word' id='word_1_29' title='bbox 790 793 999 872; x_wconf 84' lang='grc' dir='ltr'>Καλλίςταχυς</span> <span class='ocrx_word' id='word_1_30' title='bbox 1023 830 1065 839; x_wconf 94' lang='grc'>-</span> <span class='ocrx_word' id='word_1_31' title='bbox 1083 793 1240 873; x_wconf 92' lang='grc' dir='ltr'>Καλάμων</span> 
     </span>
     <span class='ocr_line' id='line_1_6' title="bbox 142 904 1241 986; baseline 0.005 -18"><span class='ocrx_word' id='word_1_32' title='bbox 142 906 315 984; x_wconf 91' lang='grc' dir='ltr'>Κορίαννος</span> <span class='ocrx_word' id='word_1_33' title='bbox 339 904 523 984; x_wconf 92' lang='grc' dir='ltr'>Κοριάννων</span> <span class='ocrx_word' id='word_1_34' title='bbox 547 905 705 985; x_wconf 91' lang='grc' dir='ltr'>Λαχάνων</span> <span class='ocrx_word' id='word_1_35' title='bbox 726 905 872 971; x_wconf 85' lang='grc' dir='ltr'>(εύτλων</span> <span class='ocrx_word' id='word_1_36' title='bbox 896 907 1060 985; x_wconf 88' lang='grc' dir='ltr'>Μαράθων</span> <span class='ocrx_word' id='word_1_37' title='bbox 1076 906 1241 986; x_wconf 90' lang='grc' dir='ltr'>Πηγάνων</span> 
     </span>
     <span class='ocr_line' id='line_1_7' title="bbox 139 1018 1240 1099; baseline 0.003 -16"><span class='ocrx_word' id='word_1_38' title='bbox 139 1020 230 1083; x_wconf 92' lang='grc' dir='ltr'>Πόας</span> <span class='ocrx_word' id='word_1_39' title='bbox 251 1057 292 1064; x_wconf 99' lang='grc'>-</span> <span class='ocrx_word' id='word_1_40' title='bbox 315 1018 438 1084; x_wconf 85' lang='grc' dir='ltr'>Ῥόδων</span> <span class='ocrx_word' id='word_1_41' title='bbox 464 1019 586 1099; x_wconf 87' lang='grc' dir='ltr'>Μύρων</span> <span class='ocrx_word' id='word_1_42' title='bbox 610 1021 869 1099; x_wconf 74' lang='grc' dir='ltr'>Μυρωνίδης-</span> <span class='ocrx_word' id='word_1_43' title='bbox 893 1019 1040 1085; x_wconf 88' lang='grc' dir='ltr'>Ἄνθινος</span> <span class='ocrx_word' id='word_1_44' title='bbox 1062 1022 1173 1088; x_wconf 83' lang='grc' dir='ltr'>Ῥίζων</span> <span class='ocrx_word' id='word_1_45' title='bbox 1197 1059 1240 1067; x_wconf 90' lang='grc'>-</span> 
     </span>
     <span class='ocr_line' id='line_1_8' title="bbox 139 1132 1240 1216; baseline 0.004 -20"><span class='ocrx_word' id='word_1_46' title='bbox 139 1133 180 1198; x_wconf 89' lang='lat' dir='ltr'>ab</span> <span class='ocrx_word' id='word_1_47' title='bbox 209 1132 476 1216; x_wconf 79' lang='lat' dir='ltr'>agricolarum</span> <span class='ocrx_word' id='word_1_48' title='bbox 515 1134 666 1199; x_wconf 89' lang='lat' dir='ltr'>artibus</span> <span class='ocrx_word' id='word_1_49' title='bbox 691 1134 875 1198; x_wconf 87' lang='grc' dir='ltr'>Βουκολίων</span> <span class='ocrx_word' id='word_1_50' title='bbox 906 1134 1072 1212; x_wconf 92' lang='grc' dir='ltr'>Ποιμνίων</span> <span class='ocrx_word' id='word_1_51' title='bbox 1096 1135 1240 1213; x_wconf 85' lang='grc' dir='ltr'>(πείρων</span> 
     </span>
     <span class='ocr_line' id='line_1_9' title="bbox 139 1222 1249 1326; baseline 0 -15"><span class='ocrx_word' id='word_1_52' title='bbox 139 1248 319 1326; x_wconf 85' lang='grc' dir='ltr'>Θερίςτρων</span> <span class='ocrx_word' id='word_1_53' title='bbox 330 1246 497 1311; x_wconf 91' lang='grc' dir='ltr'>Τυκανίας.</span> <span class='ocrx_word' id='word_1_54' title='bbox 522 1245 604 1311; x_wconf 86' lang='lat' dir='ltr'>Aliis</span> <span class='ocrx_word' id='word_1_55' title='bbox 621 1244 661 1310; x_wconf 91' lang='lat' dir='ltr'>de</span> <span class='ocrx_word' id='word_1_56' title='bbox 679 1247 784 1310; x_wconf 90' lang='lat' dir='ltr'>causis</span> <span class='ocrx_word' id='word_1_57' title='bbox 799 1245 915 1310; x_wconf 86' lang='lat' dir='ltr'>idonea</span> <span class='ocrx_word' id='word_1_58' title='bbox 933 1247 1051 1324; x_wconf 91' lang='grc' dir='ltr'>Κηπίας</span> <span class='ocrx_word' id='word_1_59' title='bbox 1069 1222 1249 1326; x_wconf 87' lang='grc' dir='ltr'>Κιςςυβίων</span> 
     </span>
     <span class='ocr_line' id='line_1_10' title="bbox 139 1358 1239 1444; baseline -0.002 -18"><span class='ocrx_word' id='word_1_60' title='bbox 139 1362 271 1427; x_wconf 84' lang='grc' dir='ltr'>Μίνθων</span> <span class='ocrx_word' id='word_1_61' title='bbox 283 1361 463 1441; x_wconf 91' lang='grc' dir='ltr'>Πριαπίδης</span> <span class='ocrx_word' id='word_1_62' title='bbox 476 1359 615 1440; x_wconf 89' lang='grc' dir='ltr'>Δόρκων</span> <span class='ocrx_word' id='word_1_63' title='bbox 627 1362 660 1439; x_wconf 90' lang='lat'>¹).</span> <span class='ocrx_word' id='word_1_64' title='bbox 686 1363 859 1426; x_wconf 85' lang='lat' dir='ltr'>Praeterea</span> <span class='ocrx_word' id='word_1_65' title='bbox 872 1358 958 1444; x_wconf 92' lang='lat' dir='ltr'>apud</span> <span class='ocrx_word' id='word_1_66' title='bbox 970 1380 1024 1426; x_wconf 89' lang='lat' dir='ltr'>eos</span> <span class='ocrx_word' id='word_1_67' title='bbox 1036 1366 1124 1426; x_wconf 90' lang='lat' dir='ltr'>sunt:</span> <span class='ocrx_word' id='word_1_68' title='bbox 1142 1361 1239 1424; x_wconf 87' lang='lat' dir='ltr'>deri-</span> 
     </span>
     <span class='ocr_line' id='line_1_11' title="bbox 138 1473 1238 1554; baseline -0.002 -12"><span class='ocrx_word' id='word_1_69' title='bbox 138 1484 227 1542; x_wconf 89' lang='lat' dir='ltr'>vata</span> <span class='ocrx_word' id='word_1_70' title='bbox 251 1497 297 1541; x_wconf 85' lang='lat' dir='ltr'>ex</span> <span class='ocrx_word' id='word_1_71' title='bbox 322 1496 447 1541; x_wconf 90' lang='lat' dir='ltr'>rerum</span> <span class='ocrx_word' id='word_1_72' title='bbox 465 1474 651 1539; x_wconf 85' lang='lat' dir='ltr'>memoria</span> <span class='ocrx_word' id='word_1_73' title='bbox 667 1473 851 1554; x_wconf 87' lang='grc' dir='ltr'>Ἀρχίλοχος</span> <span class='ocrx_word' id='word_1_74' title='bbox 868 1475 1074 1554; x_wconf 90' lang='grc' dir='ltr'>Τέρπανδρος</span> <span class='ocrx_word' id='word_1_75' title='bbox 1090 1475 1238 1540; x_wconf 90' lang='grc' dir='ltr'>Αἰλιανός</span> 
     </span>
     <span class='ocr_line' id='line_1_12' title="bbox 137 1587 1237 1669; baseline -0.001 -14"><span class='ocrx_word' id='word_1_76' title='bbox 137 1590 311 1655; x_wconf 91' lang='grc' dir='ltr'>Λουκιανός</span> <span class='ocrx_word' id='word_1_77' title='bbox 327 1588 518 1669; x_wconf 86' lang='grc' dir='ltr'>Ἀλκίφρων.</span> <span class='ocrx_word' id='word_1_78' title='bbox 539 1625 581 1634; x_wconf 94' lang='grc'>-</span> <span class='ocrx_word' id='word_1_79' title='bbox 594 1589 752 1667; x_wconf 89' lang='grc' dir='ltr'>Περικλῆς</span> <span class='ocrx_word' id='word_1_80' title='bbox 768 1587 926 1653; x_wconf 76' lang='grc' dir='ltr'>Ἀςπαςία</span> <span class='ocrx_word' id='word_1_81' title='bbox 937 1626 981 1634; x_wconf 89' lang='grc'><strong>-</strong></span> <span class='ocrx_word' id='word_1_82' title='bbox 993 1590 1131 1669; x_wconf 85' lang='grc' dir='ltr'>Γλυκέρα</span> <span class='ocrx_word' id='word_1_83' title='bbox 1146 1589 1237 1654; x_wconf 89' lang='grc' dir='ltr'>Ὑπε-</span> 
     </span>
     <span class='ocr_line' id='line_1_13' title="bbox 136 1701 1236 1789; baseline -0.001 -20"><span class='ocrx_word' id='word_1_84' title='bbox 136 1707 242 1784; x_wconf 88' lang='grc' dir='ltr'>ρείδης</span> <span class='ocrx_word' id='word_1_85' title='bbox 255 1711 287 1769; x_wconf 89' lang='lat' dir='ltr'>et</span> <span class='ocrx_word' id='word_1_86' title='bbox 302 1725 333 1768; x_wconf 90' lang='lat' dir='ltr'>m</span> <span class='ocrx_word' id='word_1_87' title='bbox 340 1703 425 1789; x_wconf 86' lang='lat' dir='ltr'>ytbi</span> <span class='ocrx_word' id='word_1_88' title='bbox 434 1724 481 1769; x_wconf 91' lang='lat' dir='ltr'>oa</span> <span class='ocrx_word' id='word_1_89' title='bbox 492 1701 600 1768; x_wconf 90' lang='grc' dir='ltr'>Ἰάςων</span> <span class='ocrx_word' id='word_1_90' title='bbox 613 1704 739 1786; x_wconf 89' lang='grc' dir='ltr'>Μήδεια</span> <span class='ocrx_word' id='word_1_91' title='bbox 750 1703 918 1781; x_wconf 83' lang='grc' dir='ltr'>Πολυξένη</span> <span class='ocrx_word' id='word_1_92' title='bbox 931 1703 1085 1781; x_wconf 85' lang='grc' dir='ltr'>Πυλάδης</span> <span class='ocrx_word' id='word_1_93' title='bbox 1097 1703 1236 1783; x_wconf 82' lang='grc' dir='ltr'>Φρύγιος</span> 
     </span>
     <span class='ocr_line' id='line_1_14' title="bbox 137 1818 1236 1903; baseline -0.002 -19"><span class='ocrx_word' id='word_1_94' title='bbox 137 1819 296 1900; x_wconf 79' lang='grc' dir='ltr'>βαςιλεύς;</span> <span class='ocrx_word' id='word_1_95' title='bbox 313 1839 357 1883; x_wconf 84' lang='lat' dir='ltr'>ex</span> <span class='ocrx_word' id='word_1_96' title='bbox 375 1839 413 1883; x_wconf 87' lang='lat' dir='ltr'>re</span> <span class='ocrx_word' id='word_1_97' title='bbox 429 1819 579 1903; x_wconf 88' lang='lat' dir='ltr'>imposita</span> <span class='ocrx_word' id='word_1_98' title='bbox 596 1818 809 1902; x_wconf 79' lang='lat' dir='ltr'>piscatoribus</span> <span class='ocrx_word' id='word_1_99' title='bbox 825 1818 943 1881; x_wconf 87' lang='grc' dir='ltr'>Δίκτυς</span> <span class='ocrx_word' id='word_1_100' title='bbox 961 1818 1114 1901; x_wconf 73' lang='grc' dir='ltr'>Κυρνίων,</span> <span class='ocrx_word' id='word_1_101' title='bbox 1130 1819 1236 1883; x_wconf 89' lang='lat' dir='ltr'>nautis</span> 
     </span>
     <span class='ocr_line' id='line_1_15' title="bbox 135 1930 1236 2014; baseline -0.001 -16"><span class='ocrx_word' id='word_1_102' title='bbox 135 1932 334 2014; x_wconf 81' lang='grc' dir='ltr'>Ἑρμαγόρας</span> <span class='ocrx_word' id='word_1_103' title='bbox 347 1933 466 1997; x_wconf 82' lang='grc' dir='ltr'>(ωςίας</span> <span class='ocrx_word' id='word_1_104' title='bbox 480 1932 693 2014; x_wconf 84' lang='grc' dir='ltr'>(ωςίπατρος,</span> <span class='ocrx_word' id='word_1_105' title='bbox 707 1931 832 1997; x_wconf 86' lang='lat' dir='ltr'>medico</span> <span class='ocrx_word' id='word_1_106' title='bbox 845 1930 1035 2014; x_wconf 80' lang='grc' dir='ltr'>Πανάκειος,</span> <span class='ocrx_word' id='word_1_107' title='bbox 1050 1931 1236 1997; x_wconf 77' lang='lat' dir='ltr'>custodibus</span> 
     </span>
     <span class='ocr_line' id='line_1_16' title="bbox 135 2046 1231 2130; baseline -0.003 -15"><span class='ocrx_word' id='word_1_108' title='bbox 135 2049 305 2128; x_wconf 90' lang='grc' dir='ltr'>Φρουρίων</span> <span class='ocrx_word' id='word_1_109' title='bbox 323 2048 512 2125; x_wconf 87' lang='grc' dir='ltr'>Φυλακίδης,</span> <span class='ocrx_word' id='word_1_110' title='bbox 528 2046 646 2130; x_wconf 85' lang='lat' dir='ltr'>virgini</span> <span class='ocrx_word' id='word_1_111' title='bbox 663 2046 833 2130; x_wconf 76' lang='grc' dir='ltr'>Παρθενίς,</span> <span class='ocrx_word' id='word_1_112' title='bbox 860 2067 958 2112; x_wconf 87' lang='lat' dir='ltr'>avaro</span> <span class='ocrx_word' id='word_1_113' title='bbox 976 2046 1109 2129; x_wconf 87' lang='grc' dir='ltr'>Χρύςης,</span> <span class='ocrx_word' id='word_1_114' title='bbox 1137 2066 1231 2129; x_wconf 91' lang='lat' dir='ltr'>equo·</span> 
     </span>
     <span class='ocr_line' id='line_1_17' title="bbox 133 2159 1234 2244; baseline -0.001 -19"><span class='ocrx_word' id='word_1_115' title='bbox 133 2181 203 2226; x_wconf 89' lang='lat' dir='ltr'>rum</span> <span class='ocrx_word' id='word_1_116' title='bbox 231 2163 335 2227; x_wconf 89' lang='lat' dir='ltr'>amico</span> <span class='ocrx_word' id='word_1_117' title='bbox 358 2159 551 2240; x_wconf 84' lang='grc' dir='ltr'>Ἐχέπωλος,</span> <span class='ocrx_word' id='word_1_118' title='bbox 584 2159 701 2244; x_wconf 91' lang='lat' dir='ltr'>pictori</span> <span class='ocrx_word' id='word_1_119' title='bbox 727 2159 932 2239; x_wconf 85' lang='grc' dir='ltr'>Χρωματίων,</span> <span class='ocrx_word' id='word_1_120' title='bbox 961 2159 1032 2225; x_wconf 88' lang='lat' dir='ltr'>aliis</span> <span class='ocrx_word' id='word_1_121' title='bbox 1056 2160 1234 2240; x_wconf 90' lang='grc' dir='ltr'>Φιλόκυβος</span> 
     </span>
     <span class='ocr_line' id='line_1_18' title="bbox 136 2274 1233 2357; baseline -0.003 -16"><span class='ocrx_word' id='word_1_122' title='bbox 136 2276 313 2343; x_wconf 87' lang='grc' dir='ltr'>Φιλοπίναξ</span> <span class='ocrx_word' id='word_1_123' title='bbox 330 2275 591 2357; x_wconf 67' lang='grc' dir='ltr'>Φιλοπλάτανοςγ</span> <span class='ocrx_word' id='word_1_124' title='bbox 615 2295 633 2339; x_wconf 90' lang='lat' dir='ltr'>e</span> <span class='ocrx_word' id='word_1_125' title='bbox 650 2275 856 2340; x_wconf 89' lang='lat' dir='ltr'>contrario</span> <span class='ocrx_word' id='word_1_126' title='bbox 873 2274 1020 2340; x_wconf 91' lang='lat' dir='ltr'>dicuntur</span> <span class='ocrx_word' id='word_1_127' title='bbox 1038 2275 1233 2354; x_wconf 84' lang='grc' dir='ltr'>Ξενοπείθης</span> 
     </span>
    </p>
   </div>
   <div class='ocr_carea' id='block_1_3' title="bbox 112 2388 1296 2928">
    <p class='ocr_par' dir='ltr' id='par_1_3' title="bbox 112 2388 1296 2928">
     <span class='ocr_line' id='line_1_19' title="bbox 135 2388 1232 2476; baseline 0 -22"><span class='ocrx_word' id='word_1_128' title='bbox 135 2392 188 2472; x_wconf 83' lang='grc' dir='ltr'>ηυί</span> <span class='ocrx_word' id='word_1_129' title='bbox 212 2392 285 2456; x_wconf 89' lang='lat' dir='ltr'>aliis</span> <span class='ocrx_word' id='word_1_130' title='bbox 307 2411 371 2456; x_wconf 91' lang='lat' dir='ltr'>uon</span> <span class='ocrx_word' id='word_1_131' title='bbox 395 2391 554 2456; x_wconf 91' lang='lat' dir='ltr'>meretrici</span> <span class='ocrx_word' id='word_1_132' title='bbox 579 2389 773 2476; x_wconf 85' lang='lat' dir='ltr'>persuadere</span> <span class='ocrx_word' id='word_1_133' title='bbox 797 2396 914 2474; x_wconf 88' lang='lat' dir='ltr'>potest,</span> <span class='ocrx_word' id='word_1_134' title='bbox 939 2388 1060 2470; x_wconf 79' lang='grc' dir='ltr'>Ὠρίων</span> <span class='ocrx_word' id='word_1_135' title='bbox 1083 2410 1182 2455; x_wconf 82' lang='lat' dir='ltr'>senex</span> <span class='ocrx_word' id='word_1_136' title='bbox 1196 2391 1232 2470; x_wconf 80' lang='grc'>2).</span> 
     </span>
     <span class='ocr_line' id='line_1_20' title="bbox 112 2489 1233 2585; baseline -0.002 -15"><span class='ocrx_word' id='word_1_137' title='bbox 112 2505 216 2579; x_wconf 73' lang='lat' dir='ltr'>‚Vere</span> <span class='ocrx_word' id='word_1_138' title='bbox 252 2505 446 2571; x_wconf 85' lang='lat' dir='ltr'>amatoria</span> <span class='ocrx_word' id='word_1_139' title='bbox 488 2511 561 2570; x_wconf 91' lang='lat' dir='ltr'>suut</span> <span class='ocrx_word' id='word_1_140' title='bbox 593 2504 793 2585; x_wconf 87' lang='grc' dir='ltr'>Ἀφροδίςιος</span> <span class='ocrx_word' id='word_1_141' title='bbox 829 2504 995 2584; x_wconf 86' lang='grc' dir='ltr'>Ἐράςμιος</span> <span class='ocrx_word' id='word_1_142' title='bbox 1029 2489 1233 2584; x_wconf 80' lang='grc' dir='ltr'>Ἐρατόκλεια</span> 
     </span>
     <span class='ocr_line' id='line_1_21' title="bbox 134 2617 1230 2700; baseline -0.001 -17"><span class='ocrx_word' id='word_1_143' title='bbox 134 2619 362 2700; x_wconf 83' lang='grc' dir='ltr'>Ἐρατοςθένης</span> <span class='ocrx_word' id='word_1_144' title='bbox 397 2618 520 2699; x_wconf 84' lang='grc' dir='ltr'>Ἐρατώ</span> <span class='ocrx_word' id='word_1_145' title='bbox 553 2617 732 2698; x_wconf 85' lang='grc' dir='ltr'>Ἐρωτύλος</span> <span class='ocrx_word' id='word_1_146' title='bbox 766 2656 808 2665; x_wconf 85' lang='lat'><em>-</em></span> <span class='ocrx_word' id='word_1_147' title='bbox 844 2619 1023 2697; x_wconf 89' lang='grc' dir='ltr'>Φιλωνίδης</span> <span class='ocrx_word' id='word_1_148' title='bbox 1058 2618 1230 2699; x_wconf 87' lang='grc' dir='ltr'>Πάμφιλος</span> 
     </span>
     <span class='ocr_line' id='line_1_22' title="bbox 132 2732 1232 2814; baseline -0.002 -15"><span class='ocrx_word' id='word_1_149' title='bbox 132 2736 382 2814; x_wconf 89' lang='grc' dir='ltr'>Φιλιππίδης-</span> <span class='ocrx_word' id='word_1_150' title='bbox 416 2736 563 2814; x_wconf 88' lang='grc' dir='ltr'>Εύρίππη</span> <span class='ocrx_word' id='word_1_151' title='bbox 601 2735 724 2802; x_wconf 88' lang='grc' dir='ltr'>Ἱππίας</span> <span class='ocrx_word' id='word_1_152' title='bbox 746 2732 939 2813; x_wconf 85' lang='grc' dir='ltr'>Ἱπποθάλης</span> <span class='ocrx_word' id='word_1_153' title='bbox 967 2732 1145 2798; x_wconf 90' lang='grc' dir='ltr'>Λεύκιππος</span> <span class='ocrx_word' id='word_1_154' title='bbox 1170 2733 1232 2797; x_wconf 90' lang='grc' dir='ltr'>Με-</span> 
     </span>
     <span class='ocr_line' id='line_1_23' title="bbox 135 2848 1296 2928; baseline -0.001 -16"><span class='ocrx_word' id='word_1_155' title='bbox 135 2850 287 2914; x_wconf 88' lang='grc' dir='ltr'>λέςιππος</span> <span class='ocrx_word' id='word_1_156' title='bbox 323 2849 523 2914; x_wconf 84' lang='grc' dir='ltr'>(πεύςιππος</span> <span class='ocrx_word' id='word_1_157' title='bbox 558 2849 737 2926; x_wconf 85' lang='grc' dir='ltr'>Τελεςίππη</span> <span class='ocrx_word' id='word_1_158' title='bbox 773 2849 943 2912; x_wconf 89' lang='grc' dir='ltr'>Τελέςιλλα</span> <span class='ocrx_word' id='word_1_159' title='bbox 983 2848 1148 2928; x_wconf 88' lang='grc' dir='ltr'>Χρυςίππη</span> <span class='ocrx_word' id='word_1_160' title='bbox 1187 2884 1231 2892; x_wconf 92' lang='grc'><strong>-</strong></span> <span class='ocrx_word' id='word_1_161' title='bbox 1293 2892 1296 2898; x_wconf 77' lang='lat'><em>,</em></span> 
     </span>
    </p>
   </div>
   <div class='ocr_carea' id='block_1_4' title="bbox 243 3074 1346 3148">
    <p class='ocr_par' dir='ltr' id='par_1_4' title="bbox 243 3074 1346 3148">
     <span class='ocr_line' id='line_1_24' title="bbox 243 3074 1346 3148; baseline 0 -19"><span class='ocrx_word' id='word_1_162' title='bbox 243 3076 268 3141; x_wconf 93' lang='lat'>1)</span> <span class='ocrx_word' id='word_1_163' title='bbox 288 3076 355 3131; x_wconf 91' lang='lat' dir='ltr'>Hoc</span> <span class='ocrx_word' id='word_1_164' title='bbox 386 3077 501 3144; x_wconf 87' lang='lat' dir='ltr'>dubito,</span> <span class='ocrx_word' id='word_1_165' title='bbox 533 3091 605 3130; x_wconf 91' lang='lat' dir='ltr'>num</span> <span class='ocrx_word' id='word_1_166' title='bbox 639 3077 785 3129; x_wconf 87' lang='lat' dir='ltr'>rusticum</span> <span class='ocrx_word' id='word_1_167' title='bbox 810 3076 863 3142; x_wconf 80' lang='lat' dir='ltr'>sit3</span> <span class='ocrx_word' id='word_1_168' title='bbox 895 3075 1010 3127; x_wconf 81' lang='lat' dir='ltr'>recedit</span> <span class='ocrx_word' id='word_1_169' title='bbox 1041 3074 1080 3126; x_wconf 91' lang='lat' dir='ltr'>ad</span> <span class='ocrx_word' id='word_1_170' title='bbox 1108 3075 1229 3144; x_wconf 82' lang='lat' dir='ltr'>stirpem</span> <span class='ocrx_word' id='word_1_171' title='bbox 1344 3143 1346 3148; x_wconf 21' lang='grc' dir='ltr'>Ι</span> 
     </span>
    </p>
   </div>
   <div class='ocr_carea' id='block_1_5' title="bbox 126 3167 1230 4303">
    <p class='ocr_par' dir='ltr' id='par_1_5' title="bbox 128 3167 1230 3516">
     <span class='ocr_line' id='line_1_25' title="bbox 130 3167 1229 3242; baseline -0.001 -17"><span class='ocrx_word' id='word_1_172' title='bbox 130 3173 263 3238; x_wconf 89' lang='grc' dir='ltr'>δέρκομαι</span> <span class='ocrx_word' id='word_1_173' title='bbox 283 3172 416 3238; x_wconf 86' lang='lat' dir='ltr'>videndi,</span> <span class='ocrx_word' id='word_1_174' title='bbox 436 3187 489 3242; x_wconf 90' lang='lat' dir='ltr'>por</span> <span class='ocrx_word' id='word_1_175' title='bbox 509 3186 541 3224; x_wconf 89' lang='lat' dir='ltr'>se</span> <span class='ocrx_word' id='word_1_176' title='bbox 559 3171 665 3224; x_wconf 86' lang='lat' dir='ltr'>rustici</span> <span class='ocrx_word' id='word_1_177' title='bbox 680 3185 786 3224; x_wconf 86' lang='lat' dir='ltr'>seusus</span> <span class='ocrx_word' id='word_1_178' title='bbox 800 3169 938 3222; x_wconf 80' lang='lat' dir='ltr'>carentia.</span> <span class='ocrx_word' id='word_1_179' title='bbox 977 3167 1036 3223; x_wconf 87' lang='lat' dir='ltr'>Sed</span> <span class='ocrx_word' id='word_1_180' title='bbox 1049 3170 1125 3224; x_wconf 91' lang='lat' dir='ltr'>miro</span> <span class='ocrx_word' id='word_1_181' title='bbox 1139 3170 1229 3224; x_wconf 89' lang='lat' dir='ltr'>modo</span> 
     </span>
     <span class='ocr_line' id='line_1_26' title="bbox 132 3266 1229 3338; baseline -0.002 -16"><span class='ocrx_word' id='word_1_182' title='bbox 132 3270 242 3323; x_wconf 89' lang='lat' dir='ltr'>similia</span> <span class='ocrx_word' id='word_1_183' title='bbox 260 3269 342 3338; x_wconf 90' lang='lat' dir='ltr'>apud</span> <span class='ocrx_word' id='word_1_184' title='bbox 362 3266 522 3322; x_wconf 86' lang='lat' dir='ltr'>Aelianum</span> <span class='ocrx_word' id='word_1_185' title='bbox 543 3274 693 3337; x_wconf 88' lang='lat' dir='ltr'>apparent</span> <span class='ocrx_word' id='word_1_186' title='bbox 712 3267 825 3320; x_wconf 86' lang='lat' dir='ltr'>rustica</span> <span class='ocrx_word' id='word_1_187' title='bbox 854 3266 977 3319; x_wconf 89' lang='lat' dir='ltr'>uomina</span> <span class='ocrx_word' id='word_1_188' title='bbox 996 3267 1141 3333; x_wconf 88' lang='grc' dir='ltr'>Δερκύλος</span> <span class='ocrx_word' id='word_1_189' title='bbox 1160 3267 1184 3320; x_wconf 81' lang='lat'>7.</span> <span class='ocrx_word' id='word_1_190' title='bbox 1204 3267 1229 3320; x_wconf 88' lang='lat'>8.</span> 
     </span>
     <span class='ocr_line' id='line_1_27' title="bbox 131 3361 1230 3433; baseline -0.002 -15"><span class='ocrx_word' id='word_1_191' title='bbox 131 3366 173 3420; x_wconf 73' lang='lat'>17.</span> <span class='ocrx_word' id='word_1_192' title='bbox 193 3367 307 3433; x_wconf 87' lang='grc' dir='ltr'>Δράκης</span> <span class='ocrx_word' id='word_1_193' title='bbox 325 3366 350 3419; x_wconf 86' lang='grc'>4.</span> <span class='ocrx_word' id='word_1_194' title='bbox 379 3366 513 3418; x_wconf 84' lang='grc' dir='ltr'>Βλεπαῖος</span> <span class='ocrx_word' id='word_1_195' title='bbox 534 3364 558 3417; x_wconf 92' lang='lat'>1.</span> <span class='ocrx_word' id='word_1_196' title='bbox 587 3364 706 3429; x_wconf 89' lang='grc' dir='ltr'>Βλεψίας</span> <span class='ocrx_word' id='word_1_197' title='bbox 728 3364 768 3416; x_wconf 81' lang='grc'>18.</span> <span class='ocrx_word' id='word_1_198' title='bbox 805 3361 853 3415; x_wconf 87' lang='lat' dir='ltr'>An</span> <span class='ocrx_word' id='word_1_199' title='bbox 883 3377 951 3416; x_wconf 88' lang='lat' dir='ltr'>cum</span> <span class='ocrx_word' id='word_1_200' title='bbox 978 3363 1098 3416; x_wconf 89' lang='lat' dir='ltr'>nomine</span> <span class='ocrx_word' id='word_1_201' title='bbox 1117 3363 1230 3429; x_wconf 87' lang='grc' dir='ltr'>Δορκάς</span> 
     </span>
     <span class='ocr_line' id='line_1_28' title="bbox 128 3461 328 3516; baseline -0.005 0"><span class='ocrx_word' id='word_1_202' title='bbox 128 3462 193 3516; x_wconf 77' lang='grc' dir='ltr'>νὀια</span> <span class='ocrx_word' id='word_1_203' title='bbox 213 3461 328 3516; x_wconf 82' lang='lat' dir='ltr'>habet?</span> 
     </span>
    </p>

    <p class='ocr_par' dir='ltr' id='par_1_6' title="bbox 126 3555 1228 4303">
     <span class='ocr_line' id='line_1_29' title="bbox 237 3555 1227 3627; baseline -0.004 -15"><span class='ocrx_word' id='word_1_204' title='bbox 237 3559 266 3627; x_wconf 75' lang='grc'>2)</span> <span class='ocrx_word' id='word_1_205' title='bbox 285 3560 327 3612; x_wconf 89' lang='lat' dir='ltr'>ita</span> <span class='ocrx_word' id='word_1_206' title='bbox 340 3557 508 3627; x_wconf 86' lang='lat' dir='ltr'>Theophyl.</span> <span class='ocrx_word' id='word_1_207' title='bbox 520 3573 567 3627; x_wconf 89' lang='lat' dir='ltr'>ep.</span> <span class='ocrx_word' id='word_1_208' title='bbox 580 3558 616 3612; x_wconf 88' lang='grc'>60</span> <span class='ocrx_word' id='word_1_209' title='bbox 634 3557 733 3626; x_wconf 84' lang='lat' dir='ltr'>legam</span> <span class='ocrx_word' id='word_1_210' title='bbox 747 3557 860 3610; x_wconf 86' lang='grc' dir='ltr'>Ἄνθεια</span> <span class='ocrx_word' id='word_1_211' title='bbox 871 3555 996 3623; x_wconf 71' lang='grc' dir='ltr'>Ὡρίωνιγ</span> <span class='ocrx_word' id='word_1_212' title='bbox 1015 3570 1084 3608; x_wconf 89' lang='lat' dir='ltr'>nam</span> <span class='ocrx_word' id='word_1_213' title='bbox 1099 3555 1227 3624; x_wconf 89' lang='lat' dir='ltr'>primum</span> 
     </span>
     <span class='ocr_line' id='line_1_30' title="bbox 127 3652 1228 3725; baseline -0.005 -15"><span class='ocrx_word' id='word_1_214' title='bbox 127 3656 230 3724; x_wconf 86' lang='grc' dir='ltr'>Ὠρίων</span> <span class='ocrx_word' id='word_1_215' title='bbox 241 3655 486 3725; x_wconf 85' lang='lat' dir='ltr'>(ci.Alciphronis</span> <span class='ocrx_word' id='word_1_216' title='bbox 498 3655 605 3722; x_wconf 87' lang='grc' dir='ltr'>Ὥριος)</span> <span class='ocrx_word' id='word_1_217' title='bbox 616 3655 722 3708; x_wconf 91' lang='lat' dir='ltr'>melius</span> <span class='ocrx_word' id='word_1_218' title='bbox 736 3655 902 3707; x_wconf 80' lang='lat' dir='ltr'>amatoriae</span> <span class='ocrx_word' id='word_1_219' title='bbox 916 3652 1063 3722; x_wconf 88' lang='lat' dir='ltr'>epistulae</span> <span class='ocrx_word' id='word_1_220' title='bbox 1077 3653 1228 3717; x_wconf 90' lang='lat' dir='ltr'>convenit,</span> 
     </span>
     <span class='ocr_line' id='line_1_31' title="bbox 127 3749 1227 3818; baseline -0.006 -11"><span class='ocrx_word' id='word_1_221' title='bbox 127 3758 162 3807; x_wconf 91' lang='lat' dir='ltr'>ut</span> <span class='ocrx_word' id='word_1_222' title='bbox 182 3769 198 3807; x_wconf 88' lang='lat' dir='ltr'>e</span> <span class='ocrx_word' id='word_1_223' title='bbox 219 3753 372 3806; x_wconf 84' lang='lat' dir='ltr'>contrario</span> <span class='ocrx_word' id='word_1_224' title='bbox 391 3766 486 3806; x_wconf 84' lang='lat' dir='ltr'>senex</span> <span class='ocrx_word' id='word_1_225' title='bbox 516 3751 646 3818; x_wconf 83' lang='lat' dir='ltr'>dicatur,</span> <span class='ocrx_word' id='word_1_226' title='bbox 674 3751 724 3804; x_wconf 90' lang='lat' dir='ltr'>cui</span> <span class='ocrx_word' id='word_1_227' title='bbox 753 3752 847 3817; x_wconf 89' lang='grc' dir='ltr'>ἄωρον</span> <span class='ocrx_word' id='word_1_228' title='bbox 878 3750 1006 3814; x_wconf 88' lang='grc' dir='ltr'>παίγνιον</span> <span class='ocrx_word' id='word_1_229' title='bbox 1036 3750 1108 3801; x_wconf 81' lang='grc' dir='ltr'>είναι</span> <span class='ocrx_word' id='word_1_230' title='bbox 1139 3749 1227 3813; x_wconf 83' lang='grc' dir='ltr'>ἄνδρα</span> 
     </span>
     <span class='ocr_line' id='line_1_32' title="bbox 127 3846 1227 3917; baseline -0.005 -14"><span class='ocrx_word' id='word_1_231' title='bbox 127 3850 284 3917; x_wconf 87' lang='grc' dir='ltr'>πρεςβύτην</span> <span class='ocrx_word' id='word_1_232' title='bbox 304 3849 431 3903; x_wconf 89' lang='grc' dir='ltr'>νεανίδος</span> <span class='ocrx_word' id='word_1_233' title='bbox 451 3848 562 3915; x_wconf 85' lang='grc' dir='ltr'>ἑταίρας</span> <span class='ocrx_word' id='word_1_234' title='bbox 581 3849 648 3915; x_wconf 82' lang='grc' dir='ltr'>ἐρᾶν</span> <span class='ocrx_word' id='word_1_235' title='bbox 668 3853 851 3917; x_wconf 87' lang='lat' dir='ltr'>exponatur;</span> <span class='ocrx_word' id='word_1_236' title='bbox 871 3846 982 3900; x_wconf 84' lang='lat' dir='ltr'>deinde</span> <span class='ocrx_word' id='word_1_237' title='bbox 1002 3846 1078 3899; x_wconf 85' lang='lat' dir='ltr'>beno</span> <span class='ocrx_word' id='word_1_238' title='bbox 1097 3846 1176 3898; x_wconf 86' lang='lat' dir='ltr'>inter</span> <span class='ocrx_word' id='word_1_239' title='bbox 1195 3860 1227 3898; x_wconf 89' lang='lat' dir='ltr'>se</span> 
     </span>
     <span class='ocr_line' id='line_1_33' title="bbox 127 3941 1227 4015; baseline -0.005 -15"><span class='ocrx_word' id='word_1_240' title='bbox 127 3946 313 4015; x_wconf 85' lang='lat' dir='ltr'>respondent</span> <span class='ocrx_word' id='word_1_241' title='bbox 332 3945 421 3999; x_wconf 89' lang='lat' dir='ltr'>ambo</span> <span class='ocrx_word' id='word_1_242' title='bbox 441 3946 564 4000; x_wconf 86' lang='lat' dir='ltr'>uomina</span> <span class='ocrx_word' id='word_1_243' title='bbox 582 3951 616 3998; x_wconf 91' lang='lat' dir='ltr'>ut</span> <span class='ocrx_word' id='word_1_244' title='bbox 636 3944 699 3998; x_wconf 84' lang='lat' dir='ltr'>Alc.</span> <span class='ocrx_word' id='word_1_245' title='bbox 719 3944 747 3996; x_wconf 92' lang='lat' dir='ltr'>II</span> <span class='ocrx_word' id='word_1_246' title='bbox 766 3944 800 3997; x_wconf 76' lang='lat'>26</span> <span class='ocrx_word' id='word_1_247' title='bbox 818 3943 913 4009; x_wconf 87' lang='grc' dir='ltr'>Ὥριος</span> <span class='ocrx_word' id='word_1_248' title='bbox 933 3941 1145 4010; x_wconf 89' lang='grc' dir='ltr'>Ἀνθοφορίωνι.</span> <span class='ocrx_word' id='word_1_249' title='bbox 1164 3941 1227 3996; x_wconf 83' lang='grc' dir='ltr'>Νοα</span> 
     </span>
     <span class='ocr_line' id='line_1_34' title="bbox 126 4040 1225 4109; baseline -0.005 -13"><span class='ocrx_word' id='word_1_250' title='bbox 126 4045 224 4097; x_wconf 86' lang='lat' dir='ltr'>forma</span> <span class='ocrx_word' id='word_1_251' title='bbox 262 4043 397 4109; x_wconf 83' lang='lat' dir='ltr'>offendit,</span> <span class='ocrx_word' id='word_1_252' title='bbox 431 4043 544 4109; x_wconf 81' lang='grc' dir='ltr'>Ὥριοςι</span> <span class='ocrx_word' id='word_1_253' title='bbox 582 4041 685 4108; x_wconf 88' lang='grc' dir='ltr'>Ὠρίων</span> <span class='ocrx_word' id='word_1_254' title='bbox 713 4040 846 4094; x_wconf 89' lang='lat' dir='ltr'>similiter</span> <span class='ocrx_word' id='word_1_255' title='bbox 875 4040 1037 4093; x_wconf 86' lang='lat' dir='ltr'>deducitur</span> <span class='ocrx_word' id='word_1_256' title='bbox 1065 4041 1159 4107; x_wconf 84' lang='lat' dir='ltr'>atque</span> <span class='ocrx_word' id='word_1_257' title='bbox 1187 4040 1225 4091; x_wconf 90' lang='lat' dir='ltr'>ab</span> 
     </span>
     <span class='ocr_line' id='line_1_35' title="bbox 127 4136 1226 4208; baseline -0.003 -16"><span class='ocrx_word' id='word_1_258' title='bbox 127 4141 222 4204; x_wconf 75' lang='grc' dir='ltr'>ἅγιοςε</span> <span class='ocrx_word' id='word_1_259' title='bbox 252 4141 356 4204; x_wconf 87' lang='grc' dir='ltr'>Ἁγίων</span> <span class='ocrx_word' id='word_1_260' title='bbox 387 4157 415 4194; x_wconf 88' lang='lat' dir='ltr'>n.</span> <span class='ocrx_word' id='word_1_261' title='bbox 439 4140 628 4208; x_wconf 88' lang='lat' dir='ltr'>Delphicum,</span> <span class='ocrx_word' id='word_1_262' title='bbox 660 4139 753 4205; x_wconf 87' lang='grc' dir='ltr'>αίςιος,</span> <span class='ocrx_word' id='word_1_263' title='bbox 783 4137 872 4190; x_wconf 86' lang='grc' dir='ltr'>Αίςιος</span> <span class='ocrx_word' id='word_1_264' title='bbox 901 4137 947 4191; x_wconf 91' lang='lat' dir='ltr'>Pr.</span> <span class='ocrx_word' id='word_1_265' title='bbox 977 4136 1037 4190; x_wconf 82' lang='lat' dir='ltr'>Au.</span> <span class='ocrx_word' id='word_1_266' title='bbox 1065 4136 1226 4190; x_wconf 75' lang='lat'>312-314:</span> 
     </span>
     <span class='ocr_line' id='line_1_36' title="bbox 127 4228 819 4303; baseline -0.004 -14"><span class='ocrx_word' id='word_1_267' title='bbox 127 4236 233 4303; x_wconf 89' lang='grc' dir='ltr'>Αἰςίων,</span> <span class='ocrx_word' id='word_1_268' title='bbox 254 4236 446 4301; x_wconf 44' lang='grc' dir='ltr'>ἄξιοςγἌξιος</span> <span class='ocrx_word' id='word_1_269' title='bbox 465 4236 513 4288; x_wconf 91' lang='lat' dir='ltr'>Pr.</span> <span class='ocrx_word' id='word_1_270' title='bbox 533 4235 592 4289; x_wconf 77' lang='lat' dir='ltr'>Art.</span> <span class='ocrx_word' id='word_1_271' title='bbox 612 4235 694 4288; x_wconf 78' lang='lat'>1328:</span> <span class='ocrx_word' id='word_1_272' title='bbox 715 4228 819 4287; x_wconf 82' lang='grc' dir='ltr'>Ἀξίων.</span> 
     </span>
    </p>
   </div>
   <div class='ocr_carea' id='block_1_6' title="bbox 994 4330 1012 4385">
    <p class='ocr_par' dir='ltr' id='par_1_7' title="bbox 994 4330 1012 4385">
     <span class='ocr_line' id='line_1_37' title="bbox 994 4330 1012 4385; baseline 0 0"><span class='ocrx_word' id='word_1_273' title='bbox 994 4330 1012 4385; x_wconf 87' lang='grc'><strong>6</strong></span> 
     </span>
    </p>
   </div>
   <div class='ocr_carea' id='block_1_7' title="bbox 0 0 1366 4794">
    <p class='ocr_par' dir='ltr' id='par_1_8' title="bbox 0 0 1366 4794">
     <span class='ocr_line' id='line_1_38' title="bbox 0 0 1366 4794; baseline 0 5"><span class='ocrx_word' id='word_1_274' title='bbox 0 0 1366 4794; x_wconf 95' lang='lat' dir='ltr'> </span> 
     </span>
    </p>
   </div>
  </div>
 </body>
</html>
