2724 4794
560 283 736 338 ..13-

100 463 267 541 (καφίοιον
298 469 562 527 commemoratur
586 469 618 527 et
641 463 764 529 Eudios
797 462 837 528 de
867 465 1040 529 serenitate
1078 471 1197 547 narrat,

100 578 208 659 magni
232 577 383 642 momenti
407 598 469 642 uon
494 586 551 659 est,
577 580 765 663 praesertim
790 598 861 643 curn
886 587 919 643 et
936 601 997 644 vox
1014 581 1085 664 ipsa
1107 580 1197 645 εὐδία

99 691 151 771 §3
175 691 334 773 glossema
363 694 404 757 sit
429 700 461 758 et
485 693 566 758 caeli
590 695 746 759 serenitas
769 694 825 758 vix
841 693 945 760 minus
962 694 1004 759 ad
1021 696 1196 778 agricolam

100 806 269 890 pertineat,
310 807 451 891 piscator
474 827 551 891 ergo
575 828 638 873 non
663 809 749 874 clare
768 804 943 873 indicetur.
990 810 1101 876 Potius
1124 816 1197 895 post

101 921 235 1005 primam
253 920 422 1005 epistulam
439 921 479 987 de
492 924 614 1007 γαλήνῃ
632 931 780 1007 agentem
797 924 993 1006 insequentis
1009 925 1196 1008 scriptorem

97 1055 161 1100 non
186 1055 262 1101 casu
286 1036 482 1102 Galenaeum
506 1039 615 1102 vocari
640 1037 825 1119 concedam,
855 1058 1046 1120 quamquam
1071 1046 1103 1103 ct
1135 1038 1196 1104 hoc

99 1149 265 1216 lubricum.
305 1153 348 1216 At
364 1153 398 1216 in
414 1152 674 1237 inscriptionibus
686 1153 859 1218 Θαλάττιοτ
871 1154 1003 1238 Ποντίῳ
1018 1155 1035 1218 Ἰ
1050 1153 1196 1233 Ἔφαλοτ

99 1265 230 1349 Ποντίῳ
258 1268 298 1330 10
327 1265 471 1345 Εὔαγροτ
496 1268 665 1352 Φιλοθήρῳ
693 1268 732 1332 13
762 1269 930 1348 Ναυτίβιοτ
952 1269 1128 1352 Πρυμναίῳ
1157 1268 1196 1331 15

100 1379 251 1458 Αὐχένιοε
290 1379 443 1465 Ἀρμενίῳ
480 1381 519 1444 16
569 1379 733 1460 Ἐγκύμων
768 1380 945 1467 Ἁλικτύπῳ
981 1385 1031 1448 17.
1068 1384 1119 1447 18.
1157 1383 1195 1446 19

103 1493 250 1559 Εὔπλοο(
275 1496 495 1575 Θαλατεέρωτι
519 1497 559 1560 21
591 1504 622 1561 et
646 1498 688 1561 22
713 1503 880 1580 utrumque
904 1517 1018 1562 nomen
1042 1518 1104 1562 non
1129 1498 1196 1563 sine

100 1608 234 1674 consilio
258 1609 343 1675 idem
368 1610 436 1676 fere
460 1611 646 1694 significare
668 1594 732 1676 non
756 1613 816 1676 erit
840 1614 894 1694 qui
916 1621 1023 1696 negot.

289 1900 320 1965 b.
354 1898 523 1968 Secundi
546 1899 640 1964 libri
663 1899 819 1964 nomina
843 1901 1002 1966 rustica.

205 2070 233 2130 1.
273 2066 522 2146 Κωμαρχίδη(
556 2065 588 2129 ΙΙ
616 2065 658 2128 29
698 2072 731 2129 et
769 2063 1045 2144 Ἀγελαρχίοητ
1069 2066 1195 2131 IIba

98 2201 228 2246 munere
252 2183 372 2265 agresti
396 2188 500 2246 tracta
524 2187 606 2245 sunt.
653 2179 881 2245 Comarchides
898 2179 940 2245 ad
957 2182 1127 2260 κώμαρχον
1144 2183 1194 2246 vel

102 2295 307 2375 rorpdpxuv1)
333 2294 465 2377 recedit,
502 2293 544 2358 ad
568 2295 677 2372 κώμην
706 2295 805 2377 igitur
829 2295 966 2378 pertinet
990 2295 1073 2359 sicut
1108 2294 1194 2361 vitae

99 2412 225 2476 nomina
243 2412 425 2495 Κώμαρχοε,
451 2411 656 2490 Κωμαρχίδη(
681 2417 712 2474 et
729 2410 919 2475 abbreviata
937 2411 1055 2488 Krirpoc,
1073 2411 1194 2493 Κωμᾶε,

98 2547 181 2610 quae
205 2527 242 2591 F.
255 2527 291 2590 B.
317 2547 348 2611 p.
368 2527 431 2590 182
454 2526 569 2590 iniuria
593 2524 635 2590 ad
659 2529 767 2603 κώμον
791 2525 971 2589 referuntur
996 2523 1052 2609 (cf.
1067 2525 1195 2591 Germa·

97 2662 208 2706 norum
224 2641 370 2724 Schulze,
387 2640 544 2728 Schulte).
585 2638 783 2721 Quamquam
808 2640 895 2718 κώμη
920 2640 991 2724 ipsa
1007 2661 1069 2705 non
1086 2642 1195 2705 Attica

98 2763 167 2820 erat
202 2755 245 2820 ci.
270 2755 403 2821 Aristot.
439 2761 524 2840 poet.
549 2754 651 2835 1116,
687 2759 793 2819 tamen
828 2754 891 2818 iam
927 2761 1040 2837 quarto
1065 2775 1094 2818 a.
1119 2754 1193 2820 Chr.

98 2871 226 2936 saeculo
262 2891 314 2935 rus
345 2870 537 2954 designabat
575 2869 781 2950 (eontrarium
817 2869 909 2933 πόλιτ
945 2870 1027 2935 Plat.
1051 2870 1196 2954 Legg.I

98 3006 130 3070 p.
142 2985 208 3049 626
222 2985 261 3065 C)
285 3005 324 3050 ae
339 2987 484 3065 κωμήτη(
501 2984 645 3069 agricola
661 2992 710 3050 est
725 2992 760 3048 ut
773 2984 855 3048 Plat.
870 2985 975 3068 Legg.
989 2985 1033 3048 Vl
1047 3006 1078 3069 p.
1091 2986 1194 3049 763A

98 3101 133 3164 ἐκ
169 3104 235 3165 τών
267 3100 376 3165 ἄλλων
409 3104 562 3179 γεωργών
594 3121 628 3163 τε
663 3101 714 3164 καὶ
749 3105 916 3178 κωμητών.
980 3100 1030 3163 Ita
1063 3100 1195 3183 Longus

98 3217 226 3300 saepius
261 3216 407 3294 ammiror
442 3214 575 3280 adhibet
604 3215 619 3278 Ι
646 3214 742 3296 11,2
778 3220 810 3277 et
848 3214 881 3278 ΙΙ
915 3214 1007 3294 16,1
1046 3214 1194 3296 idemque

98 3330 252 3415 Alciphro
276 3330 346 3415 ipse
370 3331 402 3394 II
429 3331 479 3412 16,
519 3333 547 3412 1,
584 3330 694 3412 quill
719 3328 771 3411 26,
809 3328 1024 3407 2κώμαρχον
1059 3329 1194 3394 inducit.

98 3444 326 3511 Comarohides
350 3445 447 3510 etiam
471 3444 596 3509 belian.
622 3464 672 3528 ep.
697 3449 773 3508 rust.
798 3445 818 3507 2
843 3462 929 3508 mere
953 3443 1114 3509 rusticum.
1150 3443 1195 3506 At

98 3568 206 3642 κώμον
224 3563 310 3628 idem
328 3582 482 3628 revocans
497 3560 662 3646 Aristoph.
679 3563 756 3628 Pae.
776 3562 861 3626 1142
878 3568 910 3625 et
927 3560 1098 3640 Κώμαρχοτ
1123 3580 1196 3625 con·

98 3677 177 3742 vivii
202 3677 267 3742 dux
291 3677 322 3741 in
347 3676 502 3762 amphora
526 3676 632 3757 Klein,
664 3676 724 3739 Die
748 3696 795 3759 gr.
814 3675 919 3740 Vasen
943 3675 1000 3738 mit
1016 3673 1194 3759 Lieblings·

98 3791 216 3857 inschr.
241 3813 272 3877 p.
297 3791 351 3874 67,
376 3791 514 3857 conviva
537 3790 657 3855 saltans
680 3789 862 3854 Kretschm.
886 3810 917 3874 p.
943 3789 985 3853 85
1010 3796 1041 3853 et
1065 3789 1140 3853 231.

208 4055 235 4122 1)
255 4053 302 4108 Ita
321 4053 397 4109 Xen.
417 4054 506 4107 anab.
529 4052 568 4108 IV
587 4053 612 4121 b,
632 4053 667 4107 24
686 4052 724 4108 dc
746 4054 811 4107 vico
831 4052 1001 4120 Persarum,
1022 4054 1060 4107 de
1079 4067 1192 4121 graeco

99 4149 142 4205 ld
160 4150 233 4204 XIII
252 4150 267 4204 I
287 4150 347 4220 128,
367 4149 432 4207 CIG
445 4149 514 4204 add.
525 4150 594 4204 3641
606 4151 634 4205 b.
671 4151 752 4204 Alibi
771 4151 930 4219 κώμαρχο(;
960 4151 1192 4216 ο1,λιμέναρχο(;

98 4249 269 4314 λιμενὰρχηε.
308 4246 370 4302 Alc.
392 4245 481 4313 1126,
501 4247 695 4314 2κωμάρχου.
717 4300 719 4305 ,
