2724 4794
520 270 694 338 ὰ95..

60 479 130 526 esse
165 458 322 544 epistulae
348 479 449 541 genus
473 460 592 543 pariter
619 480 659 524 ac
682 458 794 524 drama
818 464 850 523 et
878 477 1006 522 carmen
1029 453 1154 543 epicum

61 573 167 656 decet,
201 574 288 638 velut
312 573 457 656 Euerg-us
486 573 687 658 Euthydicus
710 572 918 640 Philodemus
934 573 1156 639 'Mnesilochus

62 689 138 772 alia,
163 687 204 754 de
228 689 344 770 quibus
367 710 397 754 v.
422 708 476 772 pp.
494 688 547 753 25.
567 689 620 752 51.
638 690 691 753 59.
739 688 829 766 Quae
852 709 924 754 cum
948 689 987 754 A.
1012 689 1155 772 eligeret,

60 805 93 868 in
117 804 297 869 universum
321 802 408 868 haud
432 804 500 868 sine
524 810 594 868 arte
618 804 685 869 eius
709 806 825 868 aetatis
848 803 990 870 servavit
1006 804 1155 885 colorem,

61 938 156 1000 quam
180 918 325 1003 epistulis
350 917 508 999 delinivit,
540 917 595 982 iV.
610 925 641 983 et
654 919 713 983 ΙΙΙ.
728 939 756 983 a.
771 917 844 984 Chr.
862 941 892 982 n.
917 919 1048 984 saeculi.
1094 919 1156 986 Ne-

62 1053 123 1115 que
147 1034 229 1097 enim
254 1032 364 1097 horum
389 1032 487 1097 ullum
510 1033 574 1098 illis
590 1034 786 1118 temporibus
811 1033 844 1097 in
868 1054 927 1098 usu
952 1054 1013 1098 non
1040 1034 1101 1097 luit
1126 1040 1157 1097 et

61 1168 157 1212 unum
176 1147 378 1232 Alciphronis
395 1153 503 1214 aetate
520 1168 621 1232 paene
647 1145 841 1213 obsolevisse
864 1148 999 1225 videtur,
1025 1148 1158 1213 (initiam

62 1261 135 1326 dico
152 1265 193 1341 (v.
209 1262 298 1327 Pros.
311 1263 404 1342 Ait).
441 1262 559 1345 Pauca,
584 1282 666 1344 quae
682 1269 794 1347 aperte
809 1283 866 1328 suo
883 1264 1011 1346 ingenio
1027 1263 1158 1345 invenit,

62 1377 217 1461 imprimis
234 1377 455 1460 parasitorum,
474 1398 494 1441 a
510 1377 740 1442 recentioribus
755 1378 806 1441 vel
823 1377 919 1443 ctiam
930 1378 1038 1442 latinis
1054 1378 1159 1461 stirpi·

62 1492 122 1556 bus
145 1489 304 1556 derivavit
328 1491 415 1557 velut
447 1491 620 1557 Bucionem
650 1489 822 1556 seeundum
847 1491 1067 1557 Atellanarum
1090 1512 1160 1575 per-

63 1626 173 1671 sonam
206 1606 318 1670 fictum
351 1605 620 1690 Turdosynagum
655 1607 922 1672 Patelloeharona
956 1604 1160 1689 Mandyloco-

63 1721 193 1807 laptem.
230 1722 302 1786 Alia
326 1719 464 1803 denique
488 1721 530 1787 ad
554 1743 630 1787 vera
655 1717 814 1788 hominum
843 1723 972 1787 nomina
996 1719 1161 1801 recedunt,

64 1835 186 1921 duplici
218 1856 294 1900 vero
324 1834 419 1900 modo
443 1834 606 1914 adhibitaq
642 1842 696 1901 aut
727 1835 823 1901 iidem
849 1835 1056 1918 intellegendi
1088 1841 1161 1900 sunt

64 1949 207 2014 homines
240 1956 336 2031 atque
370 1970 410 2014 ex
442 1970 547 2016 rerum
585 1952 738 2016 memoria
770 1951 846 2034 noti,
886 1951 973 2015 velut
1005 1950 1162 2035 Epicurus

65 2063 239 2131 Menander
278 2065 418 2148 Glycera
456 2072 512 2129 aut
545 2084 653 2130 eorum
686 2066 866 2130 nominibus
899 2064 1053 2149 Alcipbro
1089 2076 1162 2128 usus

65 2184 124 2260 cst,
164 2197 236 2241 cum
275 2183 405 2262 propter
444 2179 532 2242 vocis
564 2197 690 2242 sensum
729 2178 790 2243 sibi
829 2176 944 2260 idonea
979 2176 1163 2243 viderentur

66 2293 154 2356 velut
200 2292 311 2357 mimos
353 2289 576 2357 Philistiadem
622 2298 655 2357 et
699 2291 931 2376 Sannyrionem
976 2293 1163 2375 nominavit,

66 2407 227 2492 Licymnii
263 2404 535 2490 dithyramborum
572 2413 687 2491 poetae
719 2428 834 2472 nomen
869 2406 1025 2487 histrioni,
1068 2407 1163 2471 Lexi-

66 2522 182 2606 phanis
218 2522 305 2606 apud
346 2520 523 2586 Lucianum
562 2520 697 2586 rhetoris
734 2529 849 2606 poetae
882 2523 1003 2587 cornico
1040 2522 1162 2603 tribuit,

67 2636 245 2702 coniunctis
280 2637 409 2700 Zenone
448 2643 480 2700 et
507 2637 691 2702 Xenocrate
724 2636 945 2722 (philosophis)
976 2637 1164 2701 Zenocratis

66 2772 181 2816 nomen
205 2752 319 2816 effecit
329 2755 362 2831 ¹).
402 2751 516 2816 (latera
533 2753 632 2836 etymi
650 2771 748 2816 causa
764 2751 985 2835 significantia
1005 2751 1164 2833 adhibuit,

71 2953 284 2962 —-—-—-———

177 3080 202 3142 1)
216 3078 436 3149 Imperatorum
443 3078 647 3132 Romanorum
655 3077 841 3146 temporibus
850 3077 984 3131 homines
995 3077 1165 3132 inlustrium

70 3181 203 3232 virorum
224 3178 346 3231 nomina
366 3177 525 3231 adamasse
552 3175 694 3230 videntur
719 3189 817 3243 eaque
839 3175 922 3229 haud
942 3191 1011 3228 raro
1037 3177 1101 3229 sive
1127 3190 1164 3228 ex

70 3276 193 3329 historia
219 3274 350 3328 fabulari
378 3275 443 3327 sive
472 3288 488 3327 e
516 3287 615 3327 rerum
645 3273 789 3326 memoria
817 3277 1018 3341 sumpserunt.
1057 3271 1166 3324 Thales

71 3372 200 3441 quidem,
230 3373 279 3424 cui
299 3372 480 3440 peregrinae
498 3370 612 3438 aliquid
635 3370 779 3442 claritatis
798 3370 924 3424 infuisse
944 3384 982 3422 cx
1005 3368 1167 3422 Herondae

70 3471 149 3524 mim.
163 3470 191 3523 ΙΙ
211 3469 368 3536 evincitur,
388 3473 464 3522 teste
484 3466 526 3522 IG
545 3467 603 3521 vol.
617 3467 660 3519 lll
673 3466 801 3521 Athenis
815 3471 877 3520 tum
892 3467 1023 3518 maxime
1036 3465 1168 3518 florebat

71 3567 239 3635 similiaque
269 3565 306 3619 de
334 3563 425 3618 Asiae
444 3564 616 3618 nominibus
647 3564 889 3618 observaverunt
909 3562 1040 3630 Ramsay
1061 3561 1166 3614 Journ.

72 3665 105 3716 of
121 3663 196 3716 Hell.
217 3661 257 3717 St.
272 3662 312 3717 IV
331 3661 432 3728 (1883),
453 3662 504 3730 qui
524 3676 592 3715 cum
612 3662 715 3715 scribit
732 3661 790 3714 The
806 3660 1054 3714 Graeco-Roman
1073 3654 1166 3710 cicili-

71 3756 173 3812 sata'oa
183 3756 216 3810 ia
228 3757 350 3812 Pisidia
360 3757 519 3813 Catonium
531 3757 699 3812 Cornelium
707 3757 866 3811 Romulum
877 3754 987 3809 Midam
998 3754 1167 3807 Menelaum

71 3855 239 3923 Romulum,
259 3855 400 3924 Attalum,
414 3855 621 3910 Alexandrum
636 3872 664 3925 p.
678 3855 712 3908 35
723 3870 764 3923 sq.
785 3854 883 3919 affert,
904 3851 1015 3906 Cousin
1028 3856 1058 3903 et
1071 3848 1168 3914 Diehl‚

73 3954 124 4021 qui
138 3951 212 4007 Bull.
227 3953 265 4006 de
278 3968 351 4007 corr.
364 3954 431 4007 hell.
442 3953 469 4006 X
480 3952 573 4020 (1886)
593 3951 631 4005 (16
650 3952 822 4005 nominibus
842 3949 943 4018 Lyciis
964 3948 1168 4017 dissputantes

72 4052 233 4104 inveniunt
260 4066 303 4102 uu
322 4052 425 4119 procot
455 4051 578 4104 nombre
609 4049 645 4102 de
672 4063 759 4102 aomo
776 4061 906 4116 proprus
926 4043 981 4114 qui
999 4044 1168 4112 cappellani

72 4149 115 4202 les
135 4145 276 4217 antiques
289 4146 426 4217 le'pcudes
440 4145 587 4216 (Sarpedo
602 4144 734 4199 Glaucus
748 4143 957 4208 Telemachus)
968 4146 997 4195 et
1010 4156 1069 4193 uae
1082 4140 1168 4192 outre
1273 4144 1277 4153 '

73 4243 221 4314 cate'povic
241 4245 276 4297 de
295 4258 382 4297 nouas
401 4242 575 4310 cmpruute'c
594 4256 659 4296 auec
677 4239 835 4310 dyraasta'cs
864 4239 900 4291 de
919 4235 1009 4290 l’Ast'e
1029 4233 1168 4288 Miucure
