<?xml version="1.0" encoding="UTF-8"?>
<!DOCTYPE html PUBLIC "-//W3C//DTD XHTML 1.0 Transitional//EN"
    "http://www.w3.org/TR/xhtml1/DTD/xhtml1-transitional.dtd">
<html xmlns="http://www.w3.org/1999/xhtml" xml:lang="en" lang="en">
 <head>
  <title>
</title>
<meta http-equiv="Content-Type" content="text/html;charset=utf-8" />
  <meta name='ocr-system' content='tesseract 3.04.00' />
  <meta name='ocr-capabilities' content='ocr_page ocr_carea ocr_par ocr_line ocrx_word'/>
</head>
<body>
  <div class='ocr_page' id='page_1' title='image "./denominibvsapvd00sondgoog_0008.png"; bbox 0 0 2724 4794; ppageno 0'>
   <div class='ocr_carea' id='block_1_1' title="bbox 94 1256 1203 4316">
    <p class='ocr_par' dir='ltr' id='par_1_1' title="bbox 94 1256 1203 4316">
     <span class='ocr_line' id='line_1_1' title="bbox 202 1256 1192 1342; baseline -0.002 -20"><span class='ocrx_word' id='word_1_1' title='bbox 202 1258 406 1342; x_wconf 87' lang='lat' dir='ltr'>Alcipbronis</span> <span class='ocrx_word' id='word_1_2' title='bbox 430 1257 594 1342; x_wconf 82' lang='lat' dir='ltr'>sophistae</span> <span class='ocrx_word' id='word_1_3' title='bbox 618 1256 773 1341; x_wconf 83' lang='lat' dir='ltr'>epistulae</span> <span class='ocrx_word' id='word_1_4' title='bbox 798 1275 1006 1340; x_wconf 82' lang='lat' dir='ltr'>permagnum</span> <span class='ocrx_word' id='word_1_5' title='bbox 1028 1276 1192 1320; x_wconf 92' lang='lat' dir='ltr'>numerum</span> 
     </span>
     <span class='ocr_line' id='line_1_2' title="bbox 95 1371 1194 1462; baseline -0.003 -25"><span class='ocrx_word' id='word_1_6' title='bbox 95 1374 249 1458; x_wconf 80' lang='lat' dir='ltr'>praebent</span> <span class='ocrx_word' id='word_1_7' title='bbox 282 1375 442 1439; x_wconf 91' lang='lat' dir='ltr'>nominum</span> <span class='ocrx_word' id='word_1_8' title='bbox 485 1373 695 1457; x_wconf 84' lang='lat' dir='ltr'>propriorum,</span> <span class='ocrx_word' id='word_1_9' title='bbox 735 1371 805 1454; x_wconf 92' lang='lat' dir='ltr'>plus</span> <span class='ocrx_word' id='word_1_10' title='bbox 839 1391 933 1452; x_wconf 89' lang='lat' dir='ltr'>quam</span> <span class='ocrx_word' id='word_1_11' title='bbox 967 1377 1122 1446; x_wconf 89' lang='lat' dir='ltr'>trecenta,</span> <span class='ocrx_word' id='word_1_12' title='bbox 1161 1371 1194 1462; x_wconf 91' lang='lat' dir='ltr'>in</span> 
     </span>
     <span class='ocr_line' id='line_1_3' title="bbox 95 1486 1195 1573; baseline -0.001 -21"><span class='ocrx_word' id='word_1_13' title='bbox 95 1489 209 1570; x_wconf 90' lang='lat' dir='ltr'>quibus</span> <span class='ocrx_word' id='word_1_14' title='bbox 233 1488 320 1552; x_wconf 90' lang='lat' dir='ltr'>baud</span> <span class='ocrx_word' id='word_1_15' title='bbox 344 1508 449 1573; x_wconf 87' lang='lat' dir='ltr'>pauca</span> <span class='ocrx_word' id='word_1_16' title='bbox 473 1488 581 1551; x_wconf 91' lang='lat' dir='ltr'>insunt</span> <span class='ocrx_word' id='word_1_17' title='bbox 604 1486 656 1549; x_wconf 89' lang='lat' dir='ltr'>vel</span> <span class='ocrx_word' id='word_1_18' title='bbox 680 1492 811 1570; x_wconf 90' lang='lat' dir='ltr'>propter</span> <span class='ocrx_word' id='word_1_19' title='bbox 830 1486 951 1550; x_wconf 87' lang='lat' dir='ltr'>formas</span> <span class='ocrx_word' id='word_1_20' title='bbox 974 1486 1025 1549; x_wconf 89' lang='lat' dir='ltr'>rel</span> <span class='ocrx_word' id='word_1_21' title='bbox 1049 1487 1089 1549; x_wconf 94' lang='lat' dir='ltr'>ob</span> <span class='ocrx_word' id='word_1_22' title='bbox 1114 1486 1195 1551; x_wconf 91' lang='lat' dir='ltr'>alias</span> 
     </span>
     <span class='ocr_line' id='line_1_4' title="bbox 96 1599 1195 1685; baseline -0.003 -17"><span class='ocrx_word' id='word_1_23' title='bbox 96 1623 210 1668; x_wconf 82' lang='lat' dir='ltr'>causas</span> <span class='ocrx_word' id='word_1_24' title='bbox 243 1603 472 1667; x_wconf 81' lang='lat' dir='ltr'>memorabilia.</span> <span class='ocrx_word' id='word_1_25' title='bbox 530 1601 652 1678; x_wconf 80' lang='lat' dir='ltr'>Quibus</span> <span class='ocrx_word' id='word_1_26' title='bbox 688 1599 889 1685; x_wconf 85' lang='lat' dir='ltr'>explicandis</span> <span class='ocrx_word' id='word_1_27' title='bbox 925 1606 957 1664; x_wconf 93' lang='lat' dir='ltr'>et</span> <span class='ocrx_word' id='word_1_28' title='bbox 988 1599 1195 1665; x_wconf 85' lang='lat' dir='ltr'>restituendis</span> 
     </span>
     <span class='ocr_line' id='line_1_5' title="bbox 96 1715 1194 1802; baseline -0.004 -17"><span class='ocrx_word' id='word_1_29' title='bbox 96 1721 156 1786; x_wconf 90' lang='lat' dir='ltr'>etsi</span> <span class='ocrx_word' id='word_1_30' title='bbox 182 1719 321 1786; x_wconf 81' lang='lat' dir='ltr'>editores</span> <span class='ocrx_word' id='word_1_31' title='bbox 345 1719 420 1784; x_wconf 91' lang='lat' dir='ltr'>inde</span> <span class='ocrx_word' id='word_1_32' title='bbox 437 1741 456 1784; x_wconf 89' lang='lat' dir='ltr'>a</span> <span class='ocrx_word' id='word_1_33' title='bbox 475 1719 625 1802; x_wconf 81' lang='lat' dir='ltr'>Berglero</span> <span class='ocrx_word' id='word_1_34' title='bbox 641 1717 726 1782; x_wconf 85' lang='lat' dir='ltr'>baud</span> <span class='ocrx_word' id='word_1_35' title='bbox 743 1718 873 1801; x_wconf 88' lang='lat' dir='ltr'>paulum</span> <span class='ocrx_word' id='word_1_36' title='bbox 890 1737 1008 1801; x_wconf 92' lang='lat' dir='ltr'>operae</span> <span class='ocrx_word' id='word_1_37' title='bbox 1025 1715 1194 1798; x_wconf 87' lang='lat' dir='ltr'>dederunt,</span> 
     </span>
     <span class='ocr_line' id='line_1_6' title="bbox 96 1831 1195 1918; baseline -0.003 -20"><span class='ocrx_word' id='word_1_38' title='bbox 96 1856 157 1900; x_wconf 92' lang='lat' dir='ltr'>non</span> <span class='ocrx_word' id='word_1_39' title='bbox 175 1855 278 1918; x_wconf 85' lang='lat' dir='ltr'>pauca</span> <span class='ocrx_word' id='word_1_40' title='bbox 294 1845 400 1899; x_wconf 90' lang='lat' dir='ltr'>tamen</span> <span class='ocrx_word' id='word_1_41' title='bbox 418 1840 540 1899; x_wconf 79' lang='lat' dir='ltr'>restant</span> <span class='ocrx_word' id='word_1_42' title='bbox 557 1852 638 1915; x_wconf 88' lang='lat' dir='ltr'>quae</span> <span class='ocrx_word' id='word_1_43' title='bbox 655 1831 762 1897; x_wconf 88' lang='lat' dir='ltr'>adhuc</span> <span class='ocrx_word' id='word_1_44' title='bbox 778 1831 994 1915; x_wconf 82' lang='lat' dir='ltr'>explicatione</span> <span class='ocrx_word' id='word_1_45' title='bbox 1017 1831 1068 1895; x_wconf 90' lang='lat' dir='ltr'>vel</span> <span class='ocrx_word' id='word_1_46' title='bbox 1091 1851 1195 1895; x_wconf 91' lang='lat' dir='ltr'>emen-</span> 
     </span>
     <span class='ocr_line' id='line_1_7' title="bbox 95 1944 1195 2031; baseline -0.003 -19"><span class='ocrx_word' id='word_1_47' title='bbox 95 1948 225 2013; x_wconf 93' lang='lat' dir='ltr'>datione</span> <span class='ocrx_word' id='word_1_48' title='bbox 250 1956 376 2031; x_wconf 87' lang='lat' dir='ltr'>egeant.</span> <span class='ocrx_word' id='word_1_49' title='bbox 425 1947 577 2024; x_wconf 80' lang='lat' dir='ltr'>Quaestio</span> <span class='ocrx_word' id='word_1_50' title='bbox 611 1944 729 2011; x_wconf 89' lang='lat' dir='ltr'>deinde</span> <span class='ocrx_word' id='word_1_51' title='bbox 764 1951 822 2027; x_wconf 87' lang='lat' dir='ltr'>est,</span> <span class='ocrx_word' id='word_1_52' title='bbox 858 1944 1016 2010; x_wconf 88' lang='lat' dir='ltr'>undenam</span> <span class='ocrx_word' id='word_1_53' title='bbox 1050 1944 1195 2030; x_wconf 87' lang='lat' dir='ltr'>sophista</span> 
     </span>
     <span class='ocr_line' id='line_1_8' title="bbox 94 2058 1196 2146; baseline -0.003 -19"><span class='ocrx_word' id='word_1_54' title='bbox 94 2064 203 2146; x_wconf 84' lang='lat' dir='ltr'>largas</span> <span class='ocrx_word' id='word_1_55' title='bbox 220 2062 383 2128; x_wconf 91' lang='lat' dir='ltr'>nominum</span> <span class='ocrx_word' id='word_1_56' title='bbox 399 2063 509 2146; x_wconf 90' lang='lat' dir='ltr'>copias</span> <span class='ocrx_word' id='word_1_57' title='bbox 522 2061 666 2126; x_wconf 86' lang='lat' dir='ltr'>hausisse</span> <span class='ocrx_word' id='word_1_58' title='bbox 683 2058 838 2134; x_wconf 87' lang='lat' dir='ltr'>rideatur,</span> <span class='ocrx_word' id='word_1_59' title='bbox 856 2080 930 2123; x_wconf 95' lang='lat' dir='ltr'>num</span> <span class='ocrx_word' id='word_1_60' title='bbox 944 2060 1050 2124; x_wconf 90' lang='lat' dir='ltr'>omnia</span> <span class='ocrx_word' id='word_1_61' title='bbox 1066 2058 1196 2124; x_wconf 90' lang='lat' dir='ltr'>aliunde</span> 
     </span>
     <span class='ocr_line' id='line_1_9' title="bbox 96 2174 1195 2261; baseline -0.002 -20"><span class='ocrx_word' id='word_1_62' title='bbox 96 2178 258 2260; x_wconf 90' lang='lat' dir='ltr'>acceperit</span> <span class='ocrx_word' id='word_1_63' title='bbox 281 2198 322 2241; x_wconf 91' lang='lat' dir='ltr'>an</span> <span class='ocrx_word' id='word_1_64' title='bbox 338 2178 401 2241; x_wconf 89' lang='lat' dir='ltr'>sint</span> <span class='ocrx_word' id='word_1_65' title='bbox 417 2178 512 2241; x_wconf 88' lang='lat' dir='ltr'>etiam</span> <span class='ocrx_word' id='word_1_66' title='bbox 531 2196 613 2258; x_wconf 90' lang='lat' dir='ltr'>quae</span> <span class='ocrx_word' id='word_1_67' title='bbox 629 2177 698 2261; x_wconf 92' lang='lat' dir='ltr'>ipse</span> <span class='ocrx_word' id='word_1_68' title='bbox 715 2174 755 2240; x_wconf 91' lang='lat' dir='ltr'>de</span> <span class='ocrx_word' id='word_1_69' title='bbox 772 2195 829 2240; x_wconf 92' lang='lat' dir='ltr'>suo</span> <span class='ocrx_word' id='word_1_70' title='bbox 845 2175 987 2240; x_wconf 82' lang='lat' dir='ltr'>finxerit.</span> <span class='ocrx_word' id='word_1_71' title='bbox 1021 2175 1195 2240; x_wconf 90' lang='lat' dir='ltr'>Praeterea</span> 
     </span>
     <span class='ocr_line' id='line_1_10' title="bbox 96 2289 1195 2374; baseline -0.002 -19"><span class='ocrx_word' id='word_1_72' title='bbox 96 2291 168 2355; x_wconf 89' lang='lat' dir='ltr'>aliis</span> <span class='ocrx_word' id='word_1_73' title='bbox 192 2310 274 2372; x_wconf 92' lang='lat' dir='ltr'>quae</span> <span class='ocrx_word' id='word_1_74' title='bbox 299 2289 406 2366; x_wconf 87' lang='lat' dir='ltr'>debet,</span> <span class='ocrx_word' id='word_1_75' title='bbox 441 2289 726 2374; x_wconf 66' lang='lat' dir='ltr'>unde&#39;sumpserit</span> <span class='ocrx_word' id='word_1_76' title='bbox 760 2296 864 2354; x_wconf 92' lang='lat' dir='ltr'>utrum</span> <span class='ocrx_word' id='word_1_77' title='bbox 900 2309 941 2354; x_wconf 92' lang='lat' dir='ltr'>ex</span> <span class='ocrx_word' id='word_1_78' title='bbox 973 2309 1031 2354; x_wconf 91' lang='lat' dir='ltr'>usu</span> <span class='ocrx_word' id='word_1_79' title='bbox 1065 2290 1195 2371; x_wconf 90' lang='lat' dir='ltr'>vitaque</span> 
     </span>
     <span class='ocr_line' id='line_1_11' title="bbox 97 2404 1196 2487; baseline -0.002 -17"><span class='ocrx_word' id='word_1_80' title='bbox 97 2406 254 2471; x_wconf 89' lang='lat' dir='ltr'>communi</span> <span class='ocrx_word' id='word_1_81' title='bbox 279 2426 320 2469; x_wconf 91' lang='lat' dir='ltr'>an</span> <span class='ocrx_word' id='word_1_82' title='bbox 345 2425 384 2469; x_wconf 90' lang='lat' dir='ltr'>ex</span> <span class='ocrx_word' id='word_1_83' title='bbox 408 2424 510 2468; x_wconf 90' lang='lat' dir='ltr'>rerum</span> <span class='ocrx_word' id='word_1_84' title='bbox 536 2405 689 2468; x_wconf 90' lang='lat' dir='ltr'>memoria</span> <span class='ocrx_word' id='word_1_85' title='bbox 713 2424 752 2468; x_wconf 91' lang='lat' dir='ltr'>ac</span> <span class='ocrx_word' id='word_1_86' title='bbox 768 2404 883 2469; x_wconf 91' lang='lat' dir='ltr'>litteris</span> <span class='ocrx_word' id='word_1_87' title='bbox 900 2404 1076 2486; x_wconf 90' lang='lat' dir='ltr'>quibusque</span> <span class='ocrx_word' id='word_1_88' title='bbox 1099 2405 1196 2487; x_wconf 90' lang='lat' dir='ltr'>potis·</span> 
     </span>
     <span class='ocr_line' id='line_1_12' title="bbox 96 2518 1196 2600; baseline -0.001 -16"><span class='ocrx_word' id='word_1_89' title='bbox 96 2521 211 2584; x_wconf 90' lang='lat' dir='ltr'>simum</span> <span class='ocrx_word' id='word_1_90' title='bbox 235 2519 414 2583; x_wconf 91' lang='lat' dir='ltr'>litterarum</span> <span class='ocrx_word' id='word_1_91' title='bbox 440 2519 651 2583; x_wconf 88' lang='lat' dir='ltr'>monumentis</span> <span class='ocrx_word' id='word_1_92' title='bbox 675 2519 726 2583; x_wconf 87' lang='lat' dir='ltr'>vel</span> <span class='ocrx_word' id='word_1_93' title='bbox 750 2518 921 2600; x_wconf 84' lang='lat' dir='ltr'>generibus</span> <span class='ocrx_word' id='word_1_94' title='bbox 945 2538 984 2582; x_wconf 88' lang='lat' dir='ltr'>ea</span> <span class='ocrx_word' id='word_1_95' title='bbox 1007 2519 1097 2583; x_wconf 88' lang='lat' dir='ltr'>inre</span> <span class='ocrx_word' id='word_1_96' title='bbox 1121 2538 1196 2584; x_wconf 89' lang='lat' dir='ltr'>usus</span> 
     </span>
     <span class='ocr_line' id='line_1_13' title="bbox 96 2628 1195 2714; baseline 0.001 -18"><span class='ocrx_word' id='word_1_97' title='bbox 96 2632 152 2712; x_wconf 83' lang='lat' dir='ltr'>sit3</span> <span class='ocrx_word' id='word_1_98' title='bbox 188 2632 257 2714; x_wconf 88' lang='lat' dir='ltr'>ipse</span> <span class='ocrx_word' id='word_1_99' title='bbox 293 2638 399 2695; x_wconf 89' lang='lat' dir='ltr'>autem</span> <span class='ocrx_word' id='word_1_100' title='bbox 434 2650 515 2712; x_wconf 89' lang='lat' dir='ltr'>quae</span> <span class='ocrx_word' id='word_1_101' title='bbox 548 2630 683 2695; x_wconf 86' lang='lat' dir='ltr'>finxisse</span> <span class='ocrx_word' id='word_1_102' title='bbox 718 2628 853 2706; x_wconf 87' lang='lat' dir='ltr'>videtur,</span> <span class='ocrx_word' id='word_1_103' title='bbox 889 2631 928 2695; x_wconf 91' lang='lat' dir='ltr'>iis</span> <span class='ocrx_word' id='word_1_104' title='bbox 963 2630 994 2694; x_wconf 94' lang='lat' dir='ltr'>in</span> <span class='ocrx_word' id='word_1_105' title='bbox 1031 2631 1195 2714; x_wconf 83' lang='lat' dir='ltr'>fingendis</span> 
     </span>
     <span class='ocr_line' id='line_1_14' title="bbox 97 2743 1195 2831; baseline 0.001 -22"><span class='ocrx_word' id='word_1_106' title='bbox 97 2764 253 2826; x_wconf 88' lang='lat' dir='ltr'>quasnam</span> <span class='ocrx_word' id='word_1_107' title='bbox 288 2745 429 2810; x_wconf 90' lang='lat' dir='ltr'>rationes</span> <span class='ocrx_word' id='word_1_108' title='bbox 464 2751 592 2810; x_wconf 91' lang='lat' dir='ltr'>secutus</span> <span class='ocrx_word' id='word_1_109' title='bbox 616 2745 667 2809; x_wconf 89' lang='lat' dir='ltr'>sit.</span> <span class='ocrx_word' id='word_1_110' title='bbox 702 2743 844 2826; x_wconf 78' lang='lat' dir='ltr'>Accedit</span> <span class='ocrx_word' id='word_1_111' title='bbox 874 2743 972 2810; x_wconf 90' lang='lat' dir='ltr'>aliud.</span> <span class='ocrx_word' id='word_1_112' title='bbox 1010 2746 1069 2810; x_wconf 93' lang='lat' dir='ltr'>Vel</span> <span class='ocrx_word' id='word_1_113' title='bbox 1092 2746 1195 2831; x_wconf 92' lang='lat' dir='ltr'>primo</span> 
     </span>
     <span class='ocr_line' id='line_1_15' title="bbox 98 2858 1196 2943; baseline 0.002 -19"><span class='ocrx_word' id='word_1_114' title='bbox 98 2860 210 2924; x_wconf 92' lang='lat' dir='ltr'>obtutu</span> <span class='ocrx_word' id='word_1_115' title='bbox 234 2859 431 2943; x_wconf 83' lang='lat' dir='ltr'>intellegitur</span> <span class='ocrx_word' id='word_1_116' title='bbox 454 2859 582 2924; x_wconf 89' lang='lat' dir='ltr'>nomina</span> <span class='ocrx_word' id='word_1_117' title='bbox 607 2858 768 2925; x_wconf 91' lang='lat' dir='ltr'>hominum</span> <span class='ocrx_word' id='word_1_118' title='bbox 792 2867 824 2925; x_wconf 94' lang='lat' dir='ltr'>et</span> <span class='ocrx_word' id='word_1_119' title='bbox 840 2882 860 2925; x_wconf 90' lang='lat' dir='ltr'>a</span> <span class='ocrx_word' id='word_1_120' title='bbox 877 2861 991 2942; x_wconf 92' lang='lat' dir='ltr'>quibus</span> <span class='ocrx_word' id='word_1_121' title='bbox 1008 2866 1040 2926; x_wconf 90' lang='lat' dir='ltr'>et</span> <span class='ocrx_word' id='word_1_122' title='bbox 1057 2858 1099 2924; x_wconf 89' lang='lat' dir='ltr'>ad</span> <span class='ocrx_word' id='word_1_123' title='bbox 1117 2880 1196 2942; x_wconf 91' lang='lat' dir='ltr'>quos</span> 
     </span>
     <span class='ocr_line' id='line_1_16' title="bbox 98 2971 1197 3059; baseline 0 -21"><span class='ocrx_word' id='word_1_124' title='bbox 98 2974 254 3059; x_wconf 89' lang='lat' dir='ltr'>epistulae</span> <span class='ocrx_word' id='word_1_125' title='bbox 279 2972 375 3038; x_wconf 88' lang='lat' dir='ltr'>datae</span> <span class='ocrx_word' id='word_1_126' title='bbox 399 2981 472 3038; x_wconf 92' lang='lat' dir='ltr'>sunt</span> <span class='ocrx_word' id='word_1_127' title='bbox 496 2993 565 3039; x_wconf 89' lang='lat' dir='ltr'>cum</span> <span class='ocrx_word' id='word_1_128' title='bbox 591 2974 630 3037; x_wconf 90' lang='lat' dir='ltr'>iis</span> <span class='ocrx_word' id='word_1_129' title='bbox 654 2975 791 3056; x_wconf 88' lang='lat' dir='ltr'>quaein</span> <span class='ocrx_word' id='word_1_130' title='bbox 815 2971 893 3059; x_wconf 90' lang='lat' dir='ltr'>ipsis</span> <span class='ocrx_word' id='word_1_131' title='bbox 910 2981 1197 3040; x_wconf 88' lang='lat' dir='ltr'>commemorantur</span> 
     </span>
     <span class='ocr_line' id='line_1_17' title="bbox 97 3075 1195 3172; baseline 0.003 -21"><span class='ocrx_word' id='word_1_132' title='bbox 97 3109 245 3171; x_wconf 82' lang='lat' dir='ltr'>magnam</span> <span class='ocrx_word' id='word_1_133' title='bbox 270 3095 394 3172; x_wconf 91' lang='lat' dir='ltr'>partem</span> <span class='ocrx_word' id='word_1_134' title='bbox 418 3089 459 3152; x_wconf 92' lang='lat' dir='ltr'>ab</span> <span class='ocrx_word' id='word_1_135' title='bbox 483 3087 679 3172; x_wconf 81' lang='lat' dir='ltr'>Alciphrone</span> <span class='ocrx_word' id='word_1_136' title='bbox 707 3088 753 3152; x_wconf 87' lang='lat' dir='ltr'>ita</span> <span class='ocrx_word' id='word_1_137' title='bbox 787 3089 891 3153; x_wconf 89' lang='lat' dir='ltr'>electa</span> <span class='ocrx_word' id='word_1_138' title='bbox 909 3075 1003 3166; x_wconf 85' lang='lat' dir='ltr'>esse,</span> <span class='ocrx_word' id='word_1_139' title='bbox 1043 3095 1078 3154; x_wconf 93' lang='lat' dir='ltr'>ut</span> <span class='ocrx_word' id='word_1_140' title='bbox 1113 3091 1195 3154; x_wconf 90' lang='lat' dir='ltr'>ratio</span> 
     </span>
     <span class='ocr_line' id='line_1_18' title="bbox 99 3201 1195 3286; baseline 0.003 -21"><span class='ocrx_word' id='word_1_141' title='bbox 99 3201 255 3284; x_wconf 89' lang='lat' dir='ltr'>quaedam</span> <span class='ocrx_word' id='word_1_142' title='bbox 290 3201 471 3267; x_wconf 88' lang='lat' dir='ltr'>intercedat</span> <span class='ocrx_word' id='word_1_143' title='bbox 504 3203 587 3266; x_wconf 90' lang='lat' dir='ltr'>inter</span> <span class='ocrx_word' id='word_1_144' title='bbox 620 3221 658 3266; x_wconf 92' lang='lat' dir='ltr'>ea</span> <span class='ocrx_word' id='word_1_145' title='bbox 691 3209 724 3267; x_wconf 89' lang='lat' dir='ltr'>et</span> <span class='ocrx_word' id='word_1_146' title='bbox 757 3203 963 3286; x_wconf 87' lang='lat' dir='ltr'>epistularum</span> <span class='ocrx_word' id='word_1_147' title='bbox 996 3210 1195 3286; x_wconf 85' lang='lat' dir='ltr'>argumenta.</span> 
     </span>
     <span class='ocr_line' id='line_1_19' title="bbox 99 3315 1197 3400; baseline 0 -18"><span class='ocrx_word' id='word_1_148' title='bbox 99 3315 224 3400; x_wconf 88' lang='lat' dir='ltr'>Operae</span> <span class='ocrx_word' id='word_1_149' title='bbox 247 3317 344 3399; x_wconf 83' lang='lat' dir='ltr'>igitur</span> <span class='ocrx_word' id='word_1_150' title='bbox 367 3317 503 3400; x_wconf 90' lang='lat' dir='ltr'>pretium</span> <span class='ocrx_word' id='word_1_151' title='bbox 530 3323 578 3381; x_wconf 90' lang='lat' dir='ltr'>est</span> <span class='ocrx_word' id='word_1_152' title='bbox 601 3319 794 3391; x_wconf 85' lang='lat' dir='ltr'>examinare,</span> <span class='ocrx_word' id='word_1_153' title='bbox 829 3323 986 3400; x_wconf 89' lang='lat' dir='ltr'>quatenus</span> <span class='ocrx_word' id='word_1_154' title='bbox 1010 3317 1091 3382; x_wconf 89' lang='lat' dir='ltr'>haec</span> <span class='ocrx_word' id='word_1_155' title='bbox 1114 3316 1197 3382; x_wconf 90' lang='lat' dir='ltr'>ratio</span> 
     </span>
     <span class='ocr_line' id='line_1_20' title="bbox 98 3431 1195 3516; baseline 0 -20"><span class='ocrx_word' id='word_1_156' title='bbox 98 3432 206 3496; x_wconf 90' lang='lat' dir='ltr'>valeat</span> <span class='ocrx_word' id='word_1_157' title='bbox 239 3447 381 3513; x_wconf 89' lang='lat' dir='ltr'>quasque</span> <span class='ocrx_word' id='word_1_158' title='bbox 414 3431 552 3515; x_wconf 93' lang='lat' dir='ltr'>scriptor</span> <span class='ocrx_word' id='word_1_159' title='bbox 584 3431 617 3495; x_wconf 94' lang='lat' dir='ltr'>in</span> <span class='ocrx_word' id='word_1_160' title='bbox 645 3451 684 3496; x_wconf 88' lang='lat' dir='ltr'>ea</span> <span class='ocrx_word' id='word_1_161' title='bbox 713 3451 747 3497; x_wconf 92' lang='lat' dir='ltr'>re</span> <span class='ocrx_word' id='word_1_162' title='bbox 780 3433 841 3497; x_wconf 91' lang='lat' dir='ltr'>sibi</span> <span class='ocrx_word' id='word_1_163' title='bbox 873 3433 963 3515; x_wconf 86' lang='lat' dir='ltr'>leges</span> <span class='ocrx_word' id='word_1_164' title='bbox 998 3433 1195 3516; x_wconf 92' lang='lat' dir='ltr'>imposuerit.</span> 
     </span>
     <span class='ocr_line' id='line_1_21' title="bbox 99 3545 1197 3631; baseline 0.002 -21"><span class='ocrx_word' id='word_1_165' title='bbox 99 3545 200 3623; x_wconf 75' lang='lat' dir='ltr'>Quam</span> <span class='ocrx_word' id='word_1_166' title='bbox 226 3547 356 3610; x_wconf 90' lang='lat' dir='ltr'>obrem</span> <span class='ocrx_word' id='word_1_167' title='bbox 381 3551 564 3610; x_wconf 88' lang='lat' dir='ltr'>accuratam</span> <span class='ocrx_word' id='word_1_168' title='bbox 589 3546 750 3610; x_wconf 91' lang='lat' dir='ltr'>nominum</span> <span class='ocrx_word' id='word_1_169' title='bbox 781 3545 867 3631; x_wconf 88' lang='lat' dir='ltr'>apud</span> <span class='ocrx_word' id='word_1_170' title='bbox 891 3545 1119 3631; x_wconf 84' lang='lat' dir='ltr'>Alciphronem</span> <span class='ocrx_word' id='word_1_171' title='bbox 1143 3548 1197 3612; x_wconf 93' lang='lat' dir='ltr'>ob·</span> 
     </span>
     <span class='ocr_line' id='line_1_22' title="bbox 99 3659 1197 3745; baseline 0.002 -22"><span class='ocrx_word' id='word_1_172' title='bbox 99 3659 220 3724; x_wconf 88' lang='lat' dir='ltr'>riorum</span> <span class='ocrx_word' id='word_1_173' title='bbox 234 3659 514 3742; x_wconf 85' lang='lat' dir='ltr'>investigationem</span> <span class='ocrx_word' id='word_1_174' title='bbox 528 3666 773 3725; x_wconf 88' lang='lat' dir='ltr'>consentaneum</span> <span class='ocrx_word' id='word_1_175' title='bbox 785 3667 833 3725; x_wconf 92' lang='lat' dir='ltr'>est</span> <span class='ocrx_word' id='word_1_176' title='bbox 843 3660 928 3725; x_wconf 89' lang='lat' dir='ltr'>baud</span> <span class='ocrx_word' id='word_1_177' title='bbox 942 3661 1033 3745; x_wconf 89' lang='lat' dir='ltr'>parvi</span> <span class='ocrx_word' id='word_1_178' title='bbox 1046 3662 1197 3725; x_wconf 92' lang='lat' dir='ltr'>momenti</span> 
     </span>
     <span class='ocr_line' id='line_1_23' title="bbox 99 3773 1197 3858; baseline 0.003 -19"><span class='ocrx_word' id='word_1_179' title='bbox 99 3794 168 3839; x_wconf 90' lang='lat' dir='ltr'>esse</span> <span class='ocrx_word' id='word_1_180' title='bbox 193 3773 289 3838; x_wconf 90' lang='lat' dir='ltr'>etad</span> <span class='ocrx_word' id='word_1_181' title='bbox 315 3773 513 3840; x_wconf 90' lang='lat' dir='ltr'>restituenda</span> <span class='ocrx_word' id='word_1_182' title='bbox 537 3775 636 3840; x_wconf 86' lang='lat' dir='ltr'>verba</span> <span class='ocrx_word' id='word_1_183' title='bbox 660 3775 825 3858; x_wconf 89' lang='lat' dir='ltr'>scriptoris</span> <span class='ocrx_word' id='word_1_184' title='bbox 858 3774 957 3839; x_wconf 89' lang='lat' dir='ltr'>etad</span> <span class='ocrx_word' id='word_1_185' title='bbox 981 3774 1197 3842; x_wconf 87' lang='lat' dir='ltr'>enucleandos</span> 
     </span>
     <span class='ocr_line' id='line_1_24' title="bbox 99 3884 1197 3972; baseline 0.001 -19"><span class='ocrx_word' id='word_1_186' title='bbox 99 3895 246 3954; x_wconf 87' lang='lat' dir='ltr'>auctores</span> <span class='ocrx_word' id='word_1_187' title='bbox 270 3909 349 3972; x_wconf 92' lang='lat' dir='ltr'>quos</span> <span class='ocrx_word' id='word_1_188' title='bbox 373 3884 577 3972; x_wconf 76' lang='lat' dir='ltr'>secutus&#39;sit,</span> <span class='ocrx_word' id='word_1_189' title='bbox 602 3909 662 3955; x_wconf 88' lang='lat' dir='ltr'>nee</span> <span class='ocrx_word' id='word_1_190' title='bbox 686 3890 789 3955; x_wconf 89' lang='lat' dir='ltr'>minus</span> <span class='ocrx_word' id='word_1_191' title='bbox 813 3890 921 3955; x_wconf 89' lang='lat' dir='ltr'>valere</span> <span class='ocrx_word' id='word_1_192' title='bbox 944 3887 986 3953; x_wconf 91' lang='lat' dir='ltr'>ad</span> <span class='ocrx_word' id='word_1_193' title='bbox 1010 3889 1079 3955; x_wconf 92' lang='lat' dir='ltr'>eius</span> <span class='ocrx_word' id='word_1_194' title='bbox 1095 3896 1197 3956; x_wconf 90' lang='lat' dir='ltr'>artem</span> 
     </span>
     <span class='ocr_line' id='line_1_25' title="bbox 99 4003 1197 4087; baseline 0.002 -19"><span class='ocrx_word' id='word_1_195' title='bbox 99 4004 325 4087; x_wconf 84' lang='lat' dir='ltr'>ingeniumque</span> <span class='ocrx_word' id='word_1_196' title='bbox 348 4004 460 4068; x_wconf 90' lang='lat' dir='ltr'>melius</span> <span class='ocrx_word' id='word_1_197' title='bbox 477 4003 734 4086; x_wconf 85' lang='lat' dir='ltr'>cognoscendum</span> <span class='ocrx_word' id='word_1_198' title='bbox 755 4004 937 4087; x_wconf 90' lang='lat' dir='ltr'>rectiusque</span> <span class='ocrx_word' id='word_1_199' title='bbox 953 4003 1197 4070; x_wconf 89' lang='lat' dir='ltr'>aestimandum.</span> 
     </span>
     <span class='ocr_line' id='line_1_26' title="bbox 100 4117 1199 4204; baseline 0.003 -24"><span class='ocrx_word' id='word_1_200' title='bbox 100 4117 183 4182; x_wconf 85' lang='lat' dir='ltr'>Ere</span> <span class='ocrx_word' id='word_1_201' title='bbox 208 4119 268 4183; x_wconf 91' lang='lat' dir='ltr'>erit</span> <span class='ocrx_word' id='word_1_202' title='bbox 292 4119 428 4202; x_wconf 91' lang='lat' dir='ltr'>primum</span> <span class='ocrx_word' id='word_1_203' title='bbox 451 4117 578 4202; x_wconf 86' lang='lat' dir='ltr'>singula</span> <span class='ocrx_word' id='word_1_204' title='bbox 601 4117 730 4184; x_wconf 89' lang='lat' dir='ltr'>nomina</span> <span class='ocrx_word' id='word_1_205' title='bbox 762 4119 955 4204; x_wconf 88' lang='lat' dir='ltr'>perlustrare</span> <span class='ocrx_word' id='word_1_206' title='bbox 988 4137 1134 4200; x_wconf 88' lang='lat' dir='ltr'>quaeque</span> <span class='ocrx_word' id='word_1_207' title='bbox 1166 4119 1199 4183; x_wconf 92' lang='lat' dir='ltr'>in</span> 
     </span>
     <span class='ocr_line' id='line_1_27' title="bbox 99 4231 1203 4316; baseline 0.001 -21"><span class='ocrx_word' id='word_1_208' title='bbox 99 4231 140 4296; x_wconf 89' lang='lat' dir='ltr'>iis</span> <span class='ocrx_word' id='word_1_209' title='bbox 156 4259 160 4267; x_wconf 96' lang='lat'><em>·</em></span> <span class='ocrx_word' id='word_1_210' title='bbox 174 4231 391 4316; x_wconf 84' lang='lat' dir='ltr'>explicatione</span> <span class='ocrx_word' id='word_1_211' title='bbox 425 4251 521 4314; x_wconf 83' lang='lat' dir='ltr'>egere</span> <span class='ocrx_word' id='word_1_212' title='bbox 557 4232 727 4298; x_wconf 87' lang='lat' dir='ltr'>videantur</span> <span class='ocrx_word' id='word_1_213' title='bbox 762 4233 927 4298; x_wconf 89' lang='lat' dir='ltr'>adnotare.</span> <span class='ocrx_word' id='word_1_214' title='bbox 986 4233 1092 4313; x_wconf 82' lang='lat' dir='ltr'>Atque</span> <span class='ocrx_word' id='word_1_215' title='bbox 1128 4253 1203 4297; x_wconf 86' lang='lat' dir='ltr'>cum</span> 
     </span>
    </p>
   </div>
   <div class='ocr_carea' id='block_1_2' title="bbox 0 0 1373 4794">
    <p class='ocr_par' dir='ltr' id='par_1_2' title="bbox 0 0 1373 4794">
     <span class='ocr_line' id='line_1_28' title="bbox 0 0 1373 4794; baseline 0 0"><span class='ocrx_word' id='word_1_216' title='bbox 0 0 1373 4794; x_wconf 95' lang='lat' dir='ltr'> </span> 
     </span>
    </p>
   </div>
  </div>
 </body>
</html>
