2724 4794
593 298 625 308 ..
664 270 768 322 74..

237 460 264 508 e.
314 440 401 505 Idem
426 463 465 505 ac
491 441 676 507 comoediae
706 462 781 507 usus
805 443 950 507 omnibus
974 443 1151 508 litterarum
1177 465 1231 528 ge·

131 555 261 619 neribus
286 556 432 639 proprius
468 561 526 636 est,
563 556 676 638 quibus
711 576 867 640 personae
903 557 981 640 ipsis
1016 557 1232 623 inveniendae

131 677 227 752 atque
245 669 458 754 appellandae
475 671 548 735 sint.
585 670 779 736 Comoediae
797 673 935 736 manime
951 673 1164 756 propinquum
1183 680 1232 739 est

131 804 259 849 carmen
295 784 491 868 parodicum‚
530 784 614 867 quod
649 786 718 852 sola
742 786 1103 852 Batrachomachia
1139 788 1231 854 nobis

63 986 65 991 s
113 906 359 988 repraesentat,
386 901 475 965 cuius
503 900 632 964 nomina
656 900 706 966 vel
739 900 878 966 maxime
903 923 922 966 a
946 903 1029 966 veris
1063 902 1230 981 differunt,

130 1015 236 1079 omnia
261 1014 411 1099 parodice
440 1021 545 1079 tracta
570 1015 610 1078 ab
635 1016 820 1080 animalium
845 1017 913 1080 vita
937 1017 1023 1081 vitiis
1047 1018 1230 1099 virtutibus,

130 1130 209 1194 miro
221 1129 359 1211 quodam
369 1128 464 1195 modo
479 1130 616 1194 colorem
630 1131 753 1214 epicum
765 1129 999 1214 detorquentia.
1024 1131 1068 1197 Ut
1081 1131 1232 1198 heroibus

132 1259 278 1308 ranarum
316 1264 355 1308 ac
388 1263 509 1307 murum
543 1243 672 1327 regibus
707 1250 857 1328 parentes
892 1245 1058 1327 finguntur
1091 1245 1231 1311 nobiles:

129 1358 258 1435 liniche
300 1356 354 1437 (ad
394 1359 501 1436 πηλὸν
542 1360 684 1438 assonat)
725 1366 757 1423 et
801 1358 1038 1438 Ὑδρομεδούεη
1081 1380 1231 1424 ranarum

131 1471 328 1556 Φυειγνάθῳ,
353 1471 541 1550 Τρωξάρτη(
559 1479 591 1536 et
608 1473 784 1552 Λειχομύλη
801 1472 942 1551 θυγάτηρ
957 1473 1231 1552 Πτερνοτρώκτου

132 1590 278 1666 βαειλῆο(
310 1606 432 1651 murum
457 1587 649 1666 Ψιχάρπαγι.
697 1588 812 1653 Cetera
846 1589 961 1672 partim
998 1587 1078 1653 duas
1114 1589 1232 1672 stirpes

132 1701 294 1765 continent
315 1702 402 1767 velut
421 1703 645 1782 Κραμβοβάτη(
665 1703 918 1783 Βορβοροκοίθη(
943 1709 999 1767 aut
1025 1703 1231 1783 Κοετοφάγο(

130 1817 292 1896 Λειχήνωρ
325 1816 440 1900 partim
474 1818 632 1901 simplicia
659 1826 732 1883 sunt
766 1825 800 1885 ut
828 1818 1042 1897 Κραυγαείδηε
1071 1817 1231 1897 'caruitne

131 1935 382 2012 autlpmrliruc
398 1934 608 2015 Tpopdleoc.
635 1934 684 2000 Of.
701 1934 859 2000 Ludwicb
877 1956 907 2019 p.
927 1935 966 1999 tt
980 1954 1048 2016 sqq.
1067 1933 1228 1999 editionis.

237 2049 260 2112 f.
308 2048 356 2112 De
392 2050 508 2114 aetatis
544 2069 626 2131 quae
662 2048 780 2114 dicitur
803 2048 1088 2114 bellenistioae
1111 2047 1174 2113 hac
1199 2049 1232 2113 in

133 2184 166 2228 re
190 2164 312 2228 ratione
330 2164 508 2248 espancis,
535 2184 617 2247 quae
638 2165 730 2229 nobis
746 2171 874 2229 servata
890 2170 974 2239 sunt,
999 2164 1032 2228 in
1049 2163 1231 2228 universum

133 2277 278 2341 concludi
295 2279 414 2360 nequit.
462 2262 665 2343 Herondas
682 2298 743 2360 quo
769 2286 818 2343 est
833 2277 980 2343 veritatis
1001 2277 1117 2360 studio,
1142 2278 1232 2342 vitae

132 2390 272 2475 speciem
297 2410 390 2472 quam
415 2391 552 2455 maxime
568 2391 706 2455 affectat
723 2391 901 2456 nominibus
918 2390 959 2455 de
976 2390 1029 2456 via
1045 2396 1101 2454 aut
1117 2391 1233 2455 semita

132 2506 266 2589 sumptis
282 2506 420 2570 maxime
445 2525 528 2587 usus,
554 2526 686 2588 quorum
712 2504 799 2571 haud
825 2525 929 2590 pauca
951 2526 991 2570 er
1016 2489 1232 2589 inscriptioni·

133 2621 191 2684 bus
227 2620 302 2684 Cois
336 2620 428 2684 nobis
462 2625 539 2685 nota
574 2627 646 2685 sunt
659 2623 693 2700 1).
741 2621 864 2684 Tamen
903 2621 1032 2685 nomina
1071 2618 1232 2703 quaedam

133 2889 185 2959 Eq.
207 2890 283 2957 1962,
304 2889 457 2944 Ὀτοτύξιοι
477 2890 516 2943 id.
536 2888 592 2943 Av.
615 2890 684 2943 1040
705 2891 754 2944 vel
773 2891 955 2944 ficticiorum
975 2890 1109 2944 locorum
1130 2894 1165 2944 ut
1179 2889 1232 2945 Ar.

133 2985 260 3039 Acheru.
281 2987 333 3040 606
352 2989 418 3039 τοὺ(
437 2988 468 3040 ἐν
488 2987 627 3055 Καμαρίνῃ
648 2986 700 3039 κάν
720 2987 786 3055 Γέλᾳ
806 2987 858 3039 κάν
878 2987 1030 3056 Καταγέλᾳ.
1071 2981 1072 2984 '

240 3083 267 3149 1)
287 3083 377 3137 Reicb
398 3083 433 3136 D.
459 3083 566 3137 Mimus
585 3083 600 3136 I
619 3100 646 3152 p.
666 3083 719 3136 299
751 3083 819 3136 adn.
839 3081 856 3135 2
875 3083 964 3136 mimo
983 3083 1128 3152 imprimis
1147 3083 1234 3137 hunc

133 3195 246 3233 morem
265 3181 378 3248 tribuit,
398 3180 451 3234 sed
472 3182 552 3234 omni
572 3196 698 3249 poeseos
712 3181 816 3250 generi
832 3181 983 3238 convenit,
998 3180 1078 3248 quod
1094 3181 1233 3234 veritatis

132 3277 262 3344 speciem
299 3278 426 3344 quaerit,
465 3277 593 3330 dramati
631 3277 757 3329 carmini
789 3277 873 3345 epieo
907 3276 1049 3344 epistulis.
1099 3275 1233 3330 Nimium

133 3372 279 3426 audacter
297 3372 375 3425 idem
397 3373 434 3426 de
454 3373 604 3427 Theocriti
624 3373 797 3427 nominibus
817 3374 938 3442 proprie
966 3373 1093 3426 mimicis
1112 3375 1143 3427 et
1162 3372 1233 3428 Cois

134 3469 217 3522 dixit.
255 3469 336 3522 Inter
355 3468 389 3523 56
408 3467 585 3521 Theocritea
611 3483 740 3537 quorum
759 3469 793 3522 37
822 3484 860 3522 ex
884 3468 1132 3536 inscriptionibus
1151 3474 1232 3534 nota,

133 3566 167 3620 25
187 3564 249 3620 Coa
278 3575 430 3631 numerat3
460 3568 490 3618 at
518 3565 695 3618 secernendi
721 3570 790 3618 sunt
818 3564 896 3618 illius
923 3565 1041 3619 numeri
1071 3565 1093 3616 1.
1114 3563 1139 3616 4.
1159 3562 1185 3618 5.
1206 3564 1231 3618 6.

133 3663 157 3716 t.
177 3662 200 3714 8.
221 3662 245 3715 9.
267 3662 307 3715 10.
329 3661 369 3714 11.
392 3661 433 3714 13.
454 3660 495 3713 14.
516 3660 556 3713 15.
580 3660 902 3725 16.1t.18.19.20.22,
923 3660 1134 3730 duodeviginti
1155 3674 1232 3728 ergo

133 3759 263 3823 nomina,
284 3758 355 3826 quia
376 3763 440 3811 tota
451 3756 580 3810 Graecia
599 3757 773 3811 floruere-
786 3757 936 3838 quaedam
956 3758 1119 3810 formarum
1134 3757 1233 3809 varia·

133 3855 229 3908 tiones
243 3855 282 3907 ad
296 3855 463 3928 dialectum*
477 3855 628 3922 pertinent
648 3883 691 3921 -‚
711 3860 826 3908 restant
845 3870 920 3922 ergo
935 3852 949 3906 t
962 3855 1042 3908 inter
1054 3852 1096 3906 to.
1116 3853 1232 3908 Eadem

134 3951 172 4004 de
192 3967 285 4004 causa
303 3952 455 4004 nominum
476 3951 634 4005 Theocrito
649 3957 678 4006 et
689 3952 852 4006 Herondae
866 3952 1068 4005 communium
1088 3965 1233 4004 numeros

134 4047 158 4101 2.
172 4048 196 4100 4.
210 4048 234 4102 5.
249 4048 303 4100 68
322 4063 461 4116 segrego,
481 4048 615 4103 deindel
637 4064 675 4101 ex
696 4049 835 4102 litteris
855 4064 916 4101 non
936 4047 1005 4102 Cois
1024 4048 1097 4101 satis
1116 4051 1232 4111 notum,

133 4146 249 4198 restant
268 4159 343 4213 ergo
363 4142 380 4194 2
397 4145 474 4198 inter
491 4143 516 4198 8.
555 4145 715 4200 Nominum
744 4146 837 4213 igitur
863 4139 995 4199 solorum
1017 4145 1134 4198 ratione
1158 4143 1233 4196 talia

136 4241 333 4297 demonstrari
355 4256 415 4294 non
436 4256 523 4310 posse
543 4245 678 4311 apparet.
