2724 4794
599 277 775 330 -=25-

131 450 243 510 τῑνοτ
269 447 297 509 11
324 448 367 510 34
401 446 525 529 grande
549 446 696 511 sonantia
726 452 809 525 sunt,
847 444 962 528 partim
988 443 1170 525 frequentia
1192 450 1223 508 ut

132 562 320 626 Callicrates
344 561 442 645 (quod
468 563 564 626 etiam
581 560 761 645 Theophyl.
775 580 825 645 ep.
839 560 873 639 6)
886 557 1033 624 Cratinus
1050 557 1224 624 Phaedriae

131 677 245 759 partim
270 678 391 741 rariora
414 683 449 741 ut
466 675 643 761 Pytholaus
659 675 709 754 (F.
727 675 764 739 B.
778 695 809 759 p.
830 674 891 739 186
916 672 1000 738 adde
1018 673 1063 737 lu
1081 673 1112 736 11
1132 673 1224 754 1011,

132 792 197 869 22).
245 793 371 856 Pictum
397 791 523 856 videtur
546 790 755 874 hlegaloteles
790 791 910 874 pariter
944 809 983 869 qe
1007 786 1225 871 Megalobuluu

131 906 234 970 Plaut.
261 906 380 971 Bacch
405 906 480 988 308,
516 906 760 990 Megulonymus
794 904 873 968 Luc.
897 902 1034 988 Lexiph.
1051 903 1083 985 9,
1119 901 1225 984 Mega·

130 1020 240 1085 medes
265 1021 347 1084 Xen.
373 1020 454 1104 Eph.
472 1021 486 1084 1
504 1021 534 1100 2,
559 1021 590 1083 ὁ.
639 997 800 1084 Phaedria
824 1019 898 1082 Ter.
935 1017 1015 1082 Eun.
1040 1025 1072 1081 et
1096 1015 1223 1082 Phorm.

131 1136 228 1200 etiam
263 1134 334 1199 rtel.
370 1155 421 1218 ep.
458 1135 510 1198 20.
569 1133 743 1219 Epiphanii
785 1133 889 1198 forma
924 1132 1039 1196 iniuria
1075 1130 1226 1213 Berglero

131 1255 280 1331 suspecta
304 1247 486 1311 masculinis
510 1246 740 1312 recentioribus
765 1245 815 1310 vel
840 1245 1024 1310 christianis
1039 1243 1227 1335 Ἐπιφάνιοτ

131 1361 306 1441 Ἐπιφάνητ
341 1360 549 1441 Ἑπιφονίδητ
583 1361 824 1442 Ἐπιφανιανόε,
860 1361 1014 1425 feminino
1038 1358 1227 1440 Ἐπιφάνεια

131 1476 348 1540 confirmatur.
398 1476 537 1540 Dubium
562 1483 610 1542 est
633 1495 707 1540 num
731 1476 827 1541 etiam
853 1476 976 1539 Φανίον
998 1475 1063 1556 (Fr.
1090 1495 1121 1559 p.
1151 1476 1224 1555 122)

130 1590 241 1655 eodem
267 1590 469 1656 referendum
493 1590 544 1656 sit.

236 1728 444 1807 Ἐπίγονοτ
469 1738 501 1794 et
517 1730 720 1808 Πρατίνας
735 1729 766 1794 11
783 1730 812 1793 9.
839 1728 922 1793 Illud
936 1730 1001 1809 (Pr.
1015 1731 1082 1797 Att.
1095 1730 1228 1795 4824-

130 1844 230 1922 4827)
257 1846 483 1928 imperatorum
507 1845 704 1929 temporibus
728 1844 774 1908 ita
797 1845 829 1908 in
853 1864 943 1909 usum
968 1845 1063 1924 venit,
1089 1851 1123 1908 ut
1139 1844 1228 1909 rell

130 1981 161 2042 p.
180 1959 194 2021 1
216 1965 248 2022 et
266 1960 297 2021 11
322 1961 507 2043 septuagies
531 1960 667 2041 legatur.
715 1959 838 2023 Tamen
862 1959 929 2023 veri
955 1958 1091 2023 hominis
1113 1978 1228 2024 memo

130 2074 210 2137 rianr
234 2075 336 2156 repeti
361 2082 468 2158 putem
502 2075 614 2139 musici
647 2073 733 2138 illius
765 2073 962 2138 celeberrimi
992 2072 1229 2150 poocrrrurrdrroo

129 2195 211 2253 teste
236 2189 352 2252 Athen.
378 2189 422 2251 IV
448 2210 477 2272 p.
501 2189 604 2252 1831)
640 2186 683 2253 ci.
708 2187 964 2272 Xle.63lF.
1011 2187 1094 2254 Nam
1131 2188 1229 2253 etiam

128 2303 264 2367 alterum
282 2323 394 2367 nomen
411 2303 452 2367 ad
472 2303 629 2367 hominem
645 2303 678 2366 in
694 2302 750 2366 illa
766 2309 835 2366 arte
852 2301 1091 2366 celeberrimum
1105 2300 1230 2367 recedit

130 2417 329 2496 Pratinam1)
355 2417 450 2496 (Plut.
476 2417 515 2481 de
539 2437 618 2483 mus.
644 2417 781 2481 affertur
805 2436 833 2481 e.
852 2417 882 2498 7,
906 2416 937 2480 9.
961 2416 1015 2480 42.
1041 2436 1068 2481 e.
1086 2416 1126 2480 31
1146 2415 1232 2480 inter

129 2531 168 2594 τὰ
206 2534 270 2594 τῶν
309 2530 567 2609 εὐδοκιμούντων
602 2531 698 2594 etiam
734 2530 772 2593 τὰ
810 2529 976 2607 Πρατίνου
1011 2529 1232 2598 numerantur)

130 2647 247 2731 quippe
272 2647 325 2727 qui
339 2646 455 2711 Athen.
469 2646 547 2709 XIV
571 2667 602 2729 p.
620 2646 727 2710 633Α
751 2664 822 2709 cum
848 2644 888 2708 de
900 2643 1229 2709 Lacedaemoniorum

129 2767 198 2825 arte
214 2761 336 2824 musica
352 2767 470 2842 agitur,
495 2761 585 2824 testis
602 2759 748 2843 aequasi
766 2759 886 2823 arbiter
898 2758 1064 2823 afferatur.
1090 2757 1231 2822 Maxime

129 2881 163 2938 ut
187 2881 365 2959 satyrorum
390 2882 503 2939 auctor
527 2876 647 2958 pastori
673 2875 821 2939 convenit
854 2874 905 2938 eui
930 2873 1079 2951 μαντικόν
1104 2873 1166 2936 ἐττι
1189 2873 1230 2936 τὸ

129 2989 277 3053 αἰπόλιον
294 2991 384 3072 (ss),
409 2990 517 3071 itaque
542 2989 758 3073 inscriptionis
781 2989 910 3053 nomina
934 2994 1101 3070 utrumque
1125 2988 1229 3069 etqui

129 3103 239 3168 scribit
264 3112 295 3168 et
320 3105 374 3186 qui
397 3104 517 3188 accipit
534 3103 703 3188 epistulam
728 3103 870 3169 musicae
887 3101 1113 3187 peritissimum
1130 3101 1229 3186 signi-

130 3217 240 3281 ficant.
266 3218 308 3280 ht
326 3217 411 3282 1134
427 3239 489 3281 non
504 3218 651 3282 Pratinas
668 3218 907 3298 restituendum,
934 3216 992 3283 sed
1016 3237 1055 3281 ex
1080 3214 1228 3281 codicum

128 3332 290 3410 l'lpurivoc
327 3350 397 3396 cum
427 3331 587 3395 Meinekio
624 3332 777 3410 Κρατῖνοτ
813 3330 1004 3396 eliciendum
1041 3339 1097 3395 est.
1147 3329 1226 3395 Cum

130 3445 266 3530 epistula
291 3443 369 3507 nihil
394 3445 502 3509 rustici
529 3443 656 3524 babeat,
693 3465 754 3508 non
780 3445 893 3509 mirum
923 3455 972 3510 est
1007 3444 1093 3527 quod
1129 3445 1228 3510 etiam

129 3560 258 3626 nomina
282 3561 434 3638 Κρατῖνοι
460 3560 675 3634 Μεγαλοτέλει
700 3559 740 3624 ab
766 3580 803 3624 eo
828 3579 945 3643 genere
970 3561 1085 3625 aliena.
1132 3558 1227 3638 Quod

130 3674 172 3739 ad
197 3672 342 3738 codicum
368 3673 477 3737 vitium
504 3674 696 3738 contrarium
722 3675 789 3737 iere
814 3681 919 3738 exstat
949 3675 981 3737 in
1005 3674 1122 3737 Athen.
1148 3673 1227 3757 epit.

128 3790 192 3872 lp.
210 3788 292 3852 22Α
319 3788 372 3851 ubi
397 3787 430 3851 in
453 3789 692 3852 enumeratione
717 3795 788 3872 post
810 3788 973 3866 Προτίνατ
1008 3789 1098 3853 varia
1131 3788 1228 3852 lectio

131 3904 284 3981 Κρατῖνος
309 3899 446 3965 delenda
470 3909 528 3965 est.

129 4055 289 4063 .--——-—
295 4055 327 4060 —.
337 4055 341 4060 .

236 4132 263 4194 1)
284 4131 376 4185 Cuius
396 4147 505 4185 nomen
526 4130 565 4182 ad
585 4132 706 4199 stirpem
728 4147 779 4200 pro
800 4134 859 4186 ion.
880 4137 932 4185 att.
952 4137 1077 4199 πρῶτ-ο(
1092 4129 1227 4183 doricam

132 4231 204 4296 πρᾶτ
234 4226 421 4296 (Brugmann
442 4226 491 4283 Gr.
512 4223 591 4291 Gr·.3)
614 4222 641 4298 p.
661 4228 695 4280 88
715 4232 729 4290 ξ
750 4227 791 4295 71,
811 4229 836 4281 ⁶2.
857 4245 883 4297 p.
903 4228 952 4282 211
976 4234 990 4292 ς’
1011 4227 1075 4294 232)
1104 4225 1229 4281 recedit.

126 4482 215 4512 A
