2724 4794
652 296 828 351 ...85-

192 469 322 553 distent,
367 476 402 535 nt
443 488 525 551 quae
569 465 772 532 intercedunt
811 466 1034 532 similitudines
1074 467 1155 530 hene
1190 466 1290 550 expli-

192 591 319 666 centur3
344 584 399 649 scd
426 583 486 647 hoc
502 603 628 665 quoque
645 588 750 647 mente
768 580 978 666 reputandum
997 587 1055 659 est,
1081 601 1176 662 quam
1192 581 1290 645 facile

17 710 20 717 '
192 699 265 764 fieri
289 700 389 783 possit
414 705 447 762 ut
471 699 643 781 scriptores
670 716 773 781 paene
808 696 959 778 aequales
994 694 1107 760 eadem
1143 696 1290 779 exempla

195 812 351 878 imitanda
373 813 435 878 sibi
459 813 694 897 proposuerint,
719 810 905 896 praesertim
931 831 1001 876 oum
1017 830 1166 875 numerus
1182 831 1290 876 eorum

194 948 272 1010 quos
297 908 431 1010 quisque
454 927 571 991 imitari
608 925 748 1011 potuerit
783 945 846 989 non
885 926 1000 990 nimius
1038 925 1080 990 sit
1106 929 1129 1006 ).
1177 926 1289 1008 Itaque

193 1048 326 1125 uterque
359 1041 540 1108 convivium
573 1042 700 1124 scripsit
732 1040 824 1104 alteri
860 1040 1031 1124 persimile.
1079 1039 1171 1118 Quod
1201 1061 1291 1124 argu·

196 1164 336 1222 mentum
369 1158 402 1220 in
437 1157 553 1221 litteris
584 1156 716 1222 Graecis
748 1155 973 1240 pervulgatum
1004 1153 1134 1237 (Christ,
1174 1153 1292 1220 Gesch.

192 1271 225 1336 d.
249 1271 370 1354 grieoh.
397 1270 494 1335 Litt³
518 1293 548 1356 p.
567 1272 692 1353 lssbsq.
718 1271 835 1352 Hirzel,
861 1270 902 1335 D.
928 1269 1076 1352 Dialogl
1100 1290 1130 1353 p.
1145 1268 1290 1351 359sqq.

194 1385 225 1449 ll
251 1407 283 1469 p.
305 1385 369 1449 348
392 1389 475 1468 sqq.)
510 1384 618 1450 nescio
651 1407 692 1450 an
724 1406 765 1450 cx
801 1385 923 1470 Cynico
962 1385 1138 1448 litterarum
1174 1402 1292 1466 genere

195 1500 247 1579 (O.
275 1500 432 1582 Ribbeck,
472 1500 588 1565 Gesoh.
624 1500 655 1564 d.
690 1508 766 1566 rbm.
800 1500 929 1564 Dicht2
967 1499 1129 1582 stuttgart
1166 1499 1291 1562 18941

195 1636 225 1698 p.
237 1615 313 1694 243)
338 1612 380 1678 ad
397 1615 573 1680 Lucianum
591 1615 881 1698 Alciphronemque
897 1615 1079 1699 pervenerit
1093 1615 1128 1694 2).
1152 1614 1291 1679 Nomina

196 1727 287 1793 huius
311 1729 467 1812 epistulae
491 1728 645 1812 Alciphro
669 1750 710 1794 ex
734 1749 790 1795 suo
815 1730 946 1795 arbitrio
971 1727 1014 1793 ad
1037 1749 1164 1794 sensum
1182 1727 1291 1811 elegit,

194 1843 380 1908 Archibium
404 1844 505 1908 solum
529 1844 638 1910 nescio
662 1865 702 1909 an
720 1865 760 1909 eu
777 1844 912 1909 Luciani
929 1843 1015 1928 gallo
1032 1865 1060 1908 o.
1075 1845 1115 1908 10
1133 1848 1293 1907 mutuatus

193 1957 245 2020 sit.
279 1956 443 2021 Eteoclcm
460 1977 530 2020 oum
555 1963 730 2041 usurparet,
755 1958 892 2022 fortasse
916 1955 1102 2022 comoediae
1123 1975 1292 2040 personam

163 2156 166 2167 Ι
193 2073 224 2135 in
249 2071 355 2136 animo
380 2070 529 2153 habebat,
555 2072 644 2136 cuius
667 2073 821 2151 μοχθηροὶ
844 2072 901 2151 μέν
917 2072 972 2136 εἰει
990 2071 1079 2148 λόγοι
1096 2073 1147 2134 καὶ
1163 2075 1292 2149 ψευδεῖ(

193 2184 368 2250 secundum
394 2185 556 2249 Plutarch.
581 2185 622 2249 de
646 2185 720 2249 aud.
745 2191 830 2270 poet.
856 2206 884 2250 c.
908 2187 947 2249 31
975 2207 1006 2270 p.
1027 2185 1118 2268 1811,
1148 2205 1188 2249 ac
1212 2186 1293 2249 Pan·

194 2305 314 2362 cratem
337 2298 409 2362 fieri
434 2304 541 2383 potest
563 2304 598 2361 ut
621 2297 796 2362 secundum
821 2298 1045 2382 philosophum
1074 2299 1223 2383 cynicum
1246 2300 1292 2363 in·

194 2410 373 2476 troduxerit
402 2433 421 2475 a
446 2412 639 2476 Philostrato
664 2413 720 2476 vit.
756 2411 847 2496 soph.
883 2414 964 2476 123
1000 2422 1291 2478 commemoratum.

194 2526 316 2590 Tanuon
341 2526 436 2590 eliam
462 2525 688 2591 comoediae
713 2526 852 2609 vestigia
874 2528 906 2591 in
930 2528 1111 2592 nominibus
1127 2530 1292 2593 amatoriis

194 2641 273 2704 satis
297 2648 385 2705 certa
409 2661 603 2723 cognoscere
633 2641 719 2706 licet.
767 2641 957 2706 Gnathaena
986 2641 1061 2706 inde
1090 2643 1158 2707 sine
1194 2642 1291 2707 dubio

194 2753 301 2834 fluxit,
327 2753 476 2818 videntur
499 2755 595 2819 etiam
621 2756 834 2821 Moscharium
859 2756 973 2820 Patala
996 2756 1162 2840 Myrrhina
1186 2757 1292 2821 Philu-

194 2887 287 2930 mena
312 2867 479 2951 Chrysium
514 2869 637 2951 Plango
663 2869 758 2933 Doris
782 2869 988 2934 Anthracium
1013 2870 1177 2955 Thryallis
1200 2872 1292 2935 Pam·

195 2979 309 3064 philus.
335 2980 399 3045 Sed
419 3001 488 3046 eum
502 2983 633 3046 maximi
650 2983 682 3046 in
699 2984 859 3047 nominum
874 2990 906 3048 et
918 2984 1052 3049 fontium
1071 2983 1293 3067 disquisitione

194 3093 360 3159 comoedia
383 3094 584 3160 aestimanda
610 3098 661 3178 sit,
694 3098 726 3161 in
749 3099 929 3163 universum
955 3105 1102 3183 spectare
1127 3120 1207 3182 opus
1230 3105 1290 3180 est,

194 3210 322 3290 quinam
333 3210 374 3275 sit
387 3211 455 3274 eius
465 3216 497 3274 et
507 3211 669 3275 nominum
681 3211 887 3296 Alciphronis
897 3212 1095 3297 propriorum
1107 3215 1292 3293 conexus³).

194 3324 331 3390 Nomina
366 3331 477 3408 aperte
509 3325 583 3391 inde
622 3332 772 3410 suscepta
810 3334 937 3410 praeter
976 3326 1177 3392 amatoria
1212 3326 1293 3392 haec

303 3581 330 3650 1)
350 3581 395 3635 De
415 3584 533 3636 ratione
553 3599 632 3651 quac
651 3584 809 3638 intercedit
829 3585 907 3638 inter
920 3584 1090 3638 Lucienum
1110 3588 1203 3655 atque
1216 3583 1293 3638 Alci-

194 3679 339 3747 phronem
351 3695 437 3732 meae
448 3680 582 3748 opinioni
594 3681 729 3734 similiter
739 3681 983 3735 nunciudicatK.
992 3681 1294 3736 MeiserMiinohencr

194 3773 474 3845 Sitzungsborichte
494 3777 563 3830 1904
574 3777 613 3846 (2)
632 3794 660 3847 p.
682 3776 733 3831 198
743 3794 806 3846 sqq.

302 3872 329 3939 2)
350 3874 538 3941 Quamquam
559 3873 706 3928 eiusmodi
725 3889 773 3927 rcs
787 3889 805 3926 a
819 3875 976 3929 comoedia
996 3891 1056 3929 non
1072 3876 1186 3929 alienas
1199 3876 1293 3929 luisse

195 3971 367 4038 fragmenta
397 3970 603 4024 demonstrant
632 3971 715 4024 rclut
739 3969 890 4041 Anaxipp.
910 3972 1010 4026 11465
1030 3972 1068 4041 (2)
1090 3978 1120 4026 et
1139 3972 1293 4041 Posidipp.

194 4066 305 4121 ivam.
334 4066 535 4120 Personarum
564 4081 707 4120 numerus
735 4083 795 4119 non
820 4067 928 4132 obstat,
958 4083 994 4122 ea
1019 4070 1151 4122 narratio
1171 4074 1293 4137 praetor

195 4164 349 4231 dialogum
370 4178 434 4216 csse
455 4164 552 4231 potuit
572 4165 655 4229 ῥῆειε.

301 4260 329 4326 3)
351 4259 396 4313 De
410 4259 497 4312 simili
511 4261 691 4314 rusticorum
713 4262 933 4317 existimatione
947 4263 1062 4316 comica
1076 4279 1103 4316 v.
1116 4277 1196 4331 supr.
1209 4278 1235 4331 p.
1247 4261 1291 4315 83.
