2724 4794
591 277 765 332 „93-

130 445 363 531 appellabatur,
405 445 555 511 Κοτύλων
594 447 683 512 Varii
722 466 851 512 scurrae
891 466 1067 530 cognomen
1106 468 1136 532 p.
1170 447 1225 527 36)

129 566 260 626 secutus
294 559 363 624 Alc.
392 560 615 643 ut11125,4
650 560 937 640 (nopeoeppdvron
974 580 1082 625 verum
1113 545 1234 626 nomen

129 674 299 758 Polybium
334 673 452 739 diserte
488 680 624 740 testatur
658 675 705 738 ita
740 681 916 739 ceterorum
941 694 1067 756 quoqne
1091 675 1228 759 plurima

130 787 173 854 ad
213 789 433 874 cognominum
472 787 600 854 medum
634 789 740 854 linxit.
792 788 885 854 Unde
918 789 1125 872 intellegitur,
1165 809 1227 871 qne

130 903 251 968 factum
284 903 327 968 sit
358 909 393 968 ut
420 903 686 989 appellativorum
710 911 785 969 ante
809 923 879 969 eum
906 903 1084 988 volgarium
1108 905 1228 969 formas

130 1019 340 1102 usurpaverit.
399 1018 488 1084 ldem
527 1025 602 1085 ante
640 1039 722 1102 eum,
761 1020 822 1084 nisi
861 1019 965 1102 fallor,
1009 1018 1228 1084 Batracho-

130 1132 282 1197 machia
316 1133 406 1216 feeit,
442 1132 484 1198 ad
520 1135 610 1200 cuius
641 1134 747 1219 operis
782 1140 847 1197 tum
882 1153 939 1218 pro
975 1139 1101 1198 vetuste
1125 1132 1226 1198 habiti

132 1247 311 1332 exemplum
336 1246 481 1332 sophista
497 1247 595 1332 elegit
618 1267 657 1312 ae
673 1247 781 1329 finxit,
805 1269 869 1311 non
886 1255 993 1312 tamen
1009 1247 1145 1332 singula,
1169 1246 1226 1312 sed

130 1362 309 1427 universum
336 1361 472 1427 colerem
496 1361 675 1427 imitatione
699 1363 890 1446 exprimens.
939 1362 1014 1427 Plus
1037 1382 1114 1427 sane
1143 1359 1228 1426 Lud-

132 1475 216 1541 vvich
240 1475 495 1542 concludendum
519 1495 590 1542 esse
614 1477 748 1561 putavit,
783 1476 836 1558 qui
861 1474 1011 1543 editionis
1034 1498 1065 1561 p.
1091 1477 1129 1542 ll
1157 1497 1227 1558 sqq.

130 1592 251 1675 optime
261 1590 302 1656 de
314 1591 399 1657 illius
409 1592 557 1657 carminis
568 1591 747 1656 nominibus
758 1591 906 1676 exposuit
917 1588 979 1654 duo
990 1609 1110 1674 genera
1122 1609 1227 1672 segre-

131 1726 213 1790 gans
237 1706 371 1772 alterum
395 1707 629 1791 primigenium,
646 1706 788 1770 alterum
806 1706 976 1790 postremis
999 1703 1126 1769 demum
1150 1712 1227 1769 tem-

130 1820 261 1905 poribus
295 1821 378 1886 falso
411 1841 468 1904 pro
502 1820 707 1905 appellativis
739 1821 903 1901 insertum,
940 1802 1103 1885 codieeL
1136 1820 1229 1884 nobis

131 1934 295 1999 traditum.
343 1935 432 2000 Haec
456 1955 527 1999 eum
541 1940 615 1999 ante
632 1932 857 2018 Alciphronem
877 1934 1038 1998 exstitisse
1055 1939 1157 2017 putet,
1174 1933 1227 2016 qui

129 2050 357 2128 Ἀρτεπίθυμον
392 2049 566 2115 seeundum
598 2047 846 2128 Ἀρτεπίβουλον
884 2047 966 2113 falso
1006 2068 1064 2133 pro
1102 2051 1228 2113 nemine
1337 2096 1340 2100 ι

130 2163 290 2248 personali
319 2162 460 2229 habitum
489 2164 620 2228 finxerit
648 2162 748 2246 (p.l3
777 2159 851 2228 adn.
871 2162 959 2244 140),
998 2181 1029 2245 p.
1052 2163 1093 2227 97
1122 2163 1229 2246 plures

130 2276 354 2343 similitudines
378 2279 549 2362 componit,
574 2297 657 2360 qnae
673 2278 756 2341 inter
778 2277 859 2342 haec
876 2277 1050 2361 parasitica
1067 2284 1099 2341 et
1116 2277 1228 2341 Batra-

131 2391 341 2457 chomachiae
373 2412 495 2456 murum
520 2393 648 2458 nomina
680 2389 892 2456 intercedant.
941 2389 1006 2456 Sed
1031 2412 1071 2456 ne
1096 2392 1228 2455 nimium

131 2505 359 2574 concludamus
383 2506 571 2572 cavendum.
619 2507 759 2586 Μεριδᾶ(
776 2526 853 2571 sane
878 2506 932 2570 vix
948 2505 1144 2588 intellegitur
1168 2506 1228 2570 nisi

132 2621 352 2700 Μεριδάρπαγι
378 2623 464 2687 Batr.
482 2624 547 2687 260
571 2628 756 2707 comparato
780 2641 819 2685 ac
845 2620 1034 2700 Λειχοπίναξ
1058 2621 1229 2685 Batr.100

130 2735 216 2799 idern
240 2743 289 2801 est
311 2743 409 2820 atque
425 2736 629 2822 Aleiphrenis
645 2737 835 2816 Λειχοπίναξ
859 2735 1116 2818 simillimumque
1131 2735 1229 2798 Πινα-

131 2851 328 2935 κοεπογγίεῳ
368 2851 478 2935 (priori
506 2851 601 2935 parti,
641 2851 744 2915 altera
781 2851 822 2915 ab
863 2851 954 2934 epioe
991 2849 1097 2914 colore
1132 2849 1229 2912 etiam

130 2964 286 3048 parodieo
319 2966 412 3032 nimis
443 2965 589 3047 recedit).
635 2965 811 3030 Praeterea
838 2963 1082 3044 Ἐμβαείχυτροε
1111 2963 1146 3027 B.
1166 2963 1227 3026 137

132 3079 354 3164 Χυτρολείκτῃ,
390 3079 556 3160 Ψιχάρπαξ
580 3079 624 3143 24
651 3080 915 3164 Ψιχοδιαλέκτῃῑ)
949 3079 1027 3144 satis
1051 3077 1230 3161 propinqua

132 3197 215 3256 sunt.
271 3192 315 3258 At
350 3199 454 3257 utrum
491 3213 548 3276 pre
585 3192 790 3277 appellativis
822 3213 863 3256 an
887 3191 1109 3276 personalibus
1145 3191 1229 3255 Alci·

133 3305 213 3390 phro
243 3307 551 3373 Batrachonraehiae
582 3306 711 3373 nomina
737 3306 885 3373 habuerit
912 3307 1080 3388 nescimus,
1109 3305 1228 3390 quippe

132 3420 186 3502 qui
202 3441 430 3506 saepenumero
447 3421 646 3505 appellativa
663 3419 805 3487 imitatus
817 3422 937 3506 pariter
948 3420 1124 3487 seeundum
1140 3419 1227 3498 ἀρτε-

131 3572 345 3581 -—.——.——

239 3682 265 3748 1)
283 3681 418 3735 Eandem
438 3683 679 3738 terminationem
695 3682 767 3748 trev,
786 3683 866 3752 -ἰδηε,
885 3688 957 3736 etot
971 3686 1151 3751 argumento
1165 3697 1227 3736 non

131 3793 197 3833 esse
216 3783 351 3847 apparet.
390 3779 612 3847 Βορβοροκοίθηε
639 3780 692 3834 226
711 3785 742 3834 et
761 3781 978 3847 sopeopezopoc
1002 3779 1081 3832 male
1109 3795 1227 3847 compa·

131 3879 245 3943 rantur,
265 3875 399 3942 βόρβορος
418 3877 501 3946 apud
513 3876 726 3947 Alciphronem
745 3878 837 3947 plane
855 3877 941 3930 aliter
961 3876 1121 3930 adhibetur
1135 3879 1227 3944 atque

131 3973 161 4025 in
181 3971 459 4040 Batrachomachia,
480 3974 511 4026 in
531 3989 592 4043 qua
611 3990 705 4029 ranae
724 3974 811 4028 sedes
825 3974 1010 4043 designatur.
1048 3973 1131 4027 Idem
1146 3973 1227 4027 eadit

131 4069 160 4120 in
181 4068 424 4136 Πτερνογλύφον
441 4070 506 4123 224:
537 4070 814 4137 Κεφαλογλύπτην,
833 4083 933 4137 neque
959 4083 997 4122 ex
1029 4073 1115 4136 parte
1142 4069 1227 4134 βάτη(

131 4164 213 4218 haud
242 4183 311 4220 raro
339 4171 488 4235 usurpata
517 4166 680 4234 quiequam
711 4166 749 4218 de
771 4164 952 4231 Κραμβοβὰτῃ
972 4164 1024 4218 237
1044 4169 1074 4217 et
1094 4165 1225 4232 Ναυβὰτῃ

131 4262 311 4317 concludere
330 4264 407 4317 licet.
426 4262 523 4317 Etiam
545 4263 582 4318 de
603 4261 727 4330 Ὠκιμίδῃ
748 4263 862 4315 dubito.
