2724 4794
527 250 699 304 -.41-

62 421 160 488 (louet
184 422 284 488 titulis
300 423 523 506 superscriptis
547 421 610 487 bis:
636 424 897 509 Mediulforrneu
913 431 952 488 st.
972 425 1033 488 cler
1046 421 1161 489 Aletiu-

59 539 206 622 forrnen,
240 539 430 624 Konfust'on
466 539 526 603 der
552 537 663 603 Alrtt'o-
693 560 724 602 υ.
750 538 1023 625 Medialformen,
1055 540 1162 604 Verbo

62 653 245 717 transitiva
279 660 319 716 st.
345 652 376 716 u.
410 653 629 717 intransitive
642 649 676 731 ¹).
723 651 928 716 Reflexirum
962 653 1030 716 sine
1064 651 1161 717 dubio

62 766 163 830 aetivi
187 765 311 830 formae
328 765 476 830 tribuitur
492 766 618 830 nomine
634 763 944 844 Ῥαφανοχόρτα(ο(.
969 766 1162 844 χόρταζομαι

62 881 232 946 veterioris
255 881 445 964 graecitatis
469 887 528 962 est,
565 880 719 964 Aloiphro
744 880 950 945 mutationem
975 881 1039 944 iarn
1074 881 1163 945 novit

65 1015 161 1078 quam
186 1001 323 1060 testatur
346 1014 527 1079 neograeea
550 996 659 1079 lingua
684 1017 714 1059 ν.
739 993 931 1060 Hatnidakis
954 995 975 1059 l.
993 1016 1020 1060 e.
1039 1016 1069 1078 p.
1087 995 1161 1059 203.

64 1109 172 1188 Quare
210 1111 306 1174 etiam
342 1091 472 1188 πνίκτη(
507 1109 719 1189 suffocatum)
754 1128 823 1174 esse
851 1115 946 1192 atque
979 1108 1162 1189 ὀ(φράντη(

64 1224 231 1290 redolendi
266 1244 392 1290 sensum
432 1223 583 1290 exhibere
622 1229 728 1309 potest
764 1243 857 1307 quam
894 1230 1030 1290 testatur
1065 1225 1163 1289 verbo

66 1338 290 1419 ὀ(φραίνε(θαι
314 1338 457 1406 Dioseor.
477 1340 489 1402 l
507 1339 550 1404 52
568 1345 600 1404 et
615 1341 647 1404 Il
669 1339 729 1403 162
754 1339 987 1421 confirmatque
1011 1338 1163 1421 quodam·

66 1454 160 1520 morlo
184 1453 283 1520 aetivi
309 1475 381 1520 usus
405 1454 570 1534 ὀ(φροιίνω
594 1453 722 1519 odorari
745 1453 858 1519 Galen.
875 1455 906 1518 X
930 1476 961 1539 p.
978 1453 1055 1536 595,
1074 1454 1114 1518 13
1131 1460 1164 1519 et

67 1568 107 1634 al.
132 1568 174 1634 ol.
202 1568 541 1654 Hatzidakisp.198.
589 1569 680 1634 Tune
716 1568 1017 1653 Conoposphrautes
1052 1569 1165 1633 melius

70 1704 163 1766 quam
189 1685 242 1767 qui
267 1685 317 1748 vel
342 1684 476 1750 eulieem
512 1684 673 1766 odoratur,
709 1685 736 1748 is
759 1682 958 1767 intellegitur
990 1684 1045 1766 qui
1080 1683 1165 1747 illius

69 1799 205 1873 animum
243 1798 375 1876 redolet,
412 1798 567 1864 bestiolae
602 1797 845 1863 molestissimae
880 1797 922 1863 de
961 1818 1023 1880 qua
1059 1796 1163 1862 Plaut.

69 1913 158 1985 Cure.
183 1913 249 1977 500
273 1921 310 1978 et
333 1935 466 1979 muscae
490 1914 610 1979 eutices
635 1914 765 1978 cimices
783 1915 950 1998 pedesque
968 1913 1164 1998 pelicesque

70 2029 143 2093 odio
168 2036 199 2093 et
223 2029 311 2092 molo
336 2033 367 2092 et
391 2028 560 2109 molestae,
586 2029 668 2092 bone
692 2030 772 2091 usui
796 2029 873 2093 eatis
890 2028 986 2092 nulli.
1011 2027 1165 2092 Similiter

69 2146 208 2207 δειπνεῖν
231 2141 367 2221 ἄκλητο(
391 2146 467 2222 μυῖα
502 2141 542 2207 de
567 2143 708 2227 parasito
732 2142 907 2228 Antiphon.
925 2142 975 2206 ΙΙΙ
996 2144 1054 2205 lll
1082 2163 1112 2205 r.
1130 2142 1162 2224 3,

69 2277 176 2324 musea
199 2257 239 2322 de
264 2257 443 2323 bominibus
467 2257 609 2323 molestis
622 2258 726 2322 Plaut.
741 2259 839 2323 Poeu.
853 2258 929 2339 690,
955 2256 1021 2322 Cio.
1038 2257 1164 2323 iocatus

69 2368 99 2435 in
137 2372 303 2437 molestum
343 2371 384 2437 de
423 2379 503 2436 orat.
520 2373 553 2437 ΙΙ
574 2372 627 2453 60,
659 2373 722 2437 247
758 2394 848 2457 puer
887 2373 981 2458 obipe
1020 2393 1162 2437 muscus.

71 2486 245 2551 Κωνώπιον
268 2487 416 2551 meretrix
441 2487 497 2551 ΑΡ
515 2487 542 2551 V
559 2488 611 2551 23.
661 2487 786 2564 Κώνωψ
812 2505 922 2552 servus
945 2485 1026 2550 Aah.
1044 2486 1116 2550 Tat.
1133 2486 1165 2549 ll

69 2601 120 2665 22.
168 2601 272 2666 Plauti
306 2601 454 2667 Curculio
468 2604 493 2681 ³)
530 2603 699 2687 parasitus.
747 2602 860 2666 Ψύλλα
898 2620 992 2666 serva
1023 2600 1162 2665 Heroud.

70 2716 152 2780 mim.
179 2716 308 2797 V1114).

174 2831 345 2915 (κοτίιυν
380 2840 412 2897 et
442 2832 691 2911 (κορπιάδηε
716 2832 807 2896 1130
843 2831 968 2898 etiamsi
1004 2831 1165 2916 Schepers

68 2944 154 3010 illam
179 2947 348 3030 epistulam
373 2947 455 3012 inter
478 2947 614 3012 rusticas
638 2946 744 3031 posuit
769 2946 906 3027 (iniuria,
938 2945 1016 3010 nihil
1052 2945 1163 3011 rustiei

67 3058 174 3144 inest),
202 3081 288 3126 mere
321 3062 454 3146 parasiti
490 3069 573 3144 sunt,
610 3060 694 3126 unde
729 3061 826 3125 etiam
861 3061 1073 3126 nominantur.
1122 3061 1165 3126 Ut

68 3175 206 3241 Arebed.
224 3175 270 3240 IV
280 3176 345 3240 435
362 3177 567 3243 Nicostratae
585 3176 760 3240 meretricis
776 3196 935 3258 agnomen
946 3178 1163 3257 (κοτοδ(ε)ἰνη

69 3290 141 3356 iude
166 3290 264 3373 duait,
301 3291 385 3373 quod
410 3294 497 3370 δεινὴ
529 3291 569 3355 sit
593 3290 756 3370 ἀργυροῦν
779 3291 814 3355 ἐν
837 3297 883 3375 τῷ
906 3293 1008 3376 (κότῳ
1043 3292 1089 3356 ita
1114 3291 1165 3356 bie

177 3435 202 3498 1)
223 3433 269 3487 De
289 3433 400 3488 latinae
421 3434 544 3502 linguae
564 3432 809 3486 similitudinibus
829 3449 856 3486 v.
878 3433 1012 3487 Wb'liflin
1036 3431 1125 3487 Areb.
1145 3435 1165 3486 f.

68 3519 117 3574 lat.
133 3521 206 3576 Lex.
218 3521 245 3575 X
256 3538 284 3591 p.
303 3524 389 3591 lsqq.
419 3522 500 3575 Elter
520 3521 572 3574 Rb.
593 3521 665 3575 Mus¹
677 3521 744 3574 XLI
760 3538 778 3590 p
800 3521 854 3576 bas
864 3536 927 3590 sqq.
950 3521 1165 3576 Friedlaonder

72 3611 108 3663 ad
127 3609 233 3664 Iuven.
252 3611 296 3664 Ill
316 3611 359 3663 23.

174 3700 201 3764 2)
221 3699 444 3772 Similis-igitur
463 3703 494 3754 in
515 3701 699 3769 Oenopeicte
718 3700 904 3769 Bucopniete
934 3702 1026 3770 partis
1048 3700 1167 3766 πνίκτη(

70 3801 172 3842 sensus
192 3795 284 3858 atque
305 3792 484 3860 exprimitur
510 3790 561 3844 Ar.
574 3789 627 3858 Eq.
642 3789 695 3844 940
727 3789 949 3858 ἑναποπνιγεῐηε,
979 3790 1116 3844 Pheraer.
1137 3789 1165 3842 II

70 3876 117 3931 341
130 3878 171 3945 (l)
189 3881 311 3945 τρώγων
336 3879 496 3945 ἐρεβίνθου(
525 3879 669 3945 ἀνεπνίγη,
697 3879 771 3932 Lue.
790 3881 894 3948 navig.
915 3895 936 3932 s,
957 3888 1017 3932 vot.
1037 3878 1072 3931 22
1091 3879 1117 3932 οἱ
1136 3879 1167 3932 δὲ

70 3964 307 4033 ἀποπνιγήωντοιι
325 3968 352 4020 οἱ
372 3970 505 4022 πλούαοι.

174 4055 202 4120 3)
222 4053 363 4109 Curculio
382 4059 462 4121 (κνίψ
482 4057 515 4108 ὅν
527 4072 600 4110 τινε(
615 4057 665 4120 μὲν
678 4056 891 4122 ἀγριομύρμηκο
910 4055 1027 4122 λέγουα,
1048 4056 1120 4109 τινὲ(
1134 4055 1165 4110 δὲ

69 4142 141 4195 elbo(
161 4143 324 4196 κώνωπο(
344 4142 489 4198 CGlLVl
509 4143 570 4198 297.

171 4231 209 4296 4)
230 4230 273 4286 Cf.
293 4231 511 4287 Buechelerum
532 4233 569 4287 ad
590 4233 606 4286 l.
