2724 4794
589 268 829 340 433„

128 466 224 540 atque
248 466 436 542 argumenta
459 458 669 534 tradiderunt,
703 457 788 523 unde
822 457 995 523 secundum
1028 462 1228 522 communem
1322 518 1324 525 .

129 593 246 638 morem
281 573 409 639 uomina
432 575 529 638 finxit
552 575 690 659 propria.
760 546 764 557 ⁴
1133 570 1145 590 ⁸

236 690 264 754 b.
310 688 482 754 Rustica
520 691 622 774 primo
663 690 774 754 obtutu
818 695 954 773 apparet
993 708 1087 771 quam
1122 707 1227 772 pauca

129 809 239 888 aperte
263 805 351 888 poesi
387 804 554 871 bucolicae
584 804 772 870 debeantur.
819 804 1006 869 Communia
1040 824 1117 869 sane
1141 802 1226 868 Alci-

132 918 245 1001 phroni
284 923 316 981 et
355 917 527 982 Theocrito
563 916 744 998 Ἀεφαλίων
781 917 901 996 Γλαύκη
935 917 1041 994 Αἴγων
1075 917 1226 996 Κορύδων

132 1032 284 1095 Γαλάτεια
309 1030 473 1122 Εὔβουλος
494 1037 567 1096 sunt
599 1032 712 1112 (Reicb
738 1054 769 1117 p.
787 1032 860 1112 55);
896 1030 1048 1096 sedeunt
1075 1033 1227 1096 Γαλάτεια

131 1144 217 1230 apud
241 1144 311 1210 Alc.
337 1164 452 1210 numen
486 1145 641 1210 marinu'm
676 1144 717 1209 sit
741 1165 844 1228 neque
869 1144 1033 1225 Εὔβουλος
1067 1146 1227 1230 parasitus

130 1259 267 1324 bucolici
285 1260 455 1342 quiequam
479 1259 607 1343 habeat,
632 1267 754 1325 restant
777 1261 884 1345 priora
908 1265 1068 1341 quattuor,
1093 1267 1127 1323 ut
1142 1259 1224 1324 Alci-

129 1373 283 1458 phronem
300 1372 506 1437 Theocritum
522 1374 625 1457 ipsum
643 1373 820 1458 inspexisse
837 1373 965 1439 minime
981 1383 1141 1456 sequatur.
1167 1376 1227 1438 lm-

129 1489 239 1573 primis
252 1488 343 1571 Aego
355 1495 386 1552 et
398 1487 525 1573 Corydo
536 1509 594 1573 per
609 1489 794 1573 posterioris
811 1490 927 1554 aetatis
940 1496 1052 1573 poetas
1065 1489 1228 1554 bucolicos

131 1605 326 1670 celeberrimi
351 1602 432 1667 facti
456 1601 498 1667 ad
515 1603 584 1668 Alc.
609 1605 777 1688 pervenire
801 1602 956 1668 facillime
973 1610 1154 1687 potuerunt.
1185 1603 1227 1667 nt

131 1720 257 1783 omnino
293 1716 498 1801 Aleiphronis
531 1719 618 1784 color
650 1720 786 1784 rusticus
816 1739 835 1782 a
866 1717 1011 1783 bucolico
1046 1718 1142 1801 longe
1174 1717 1227 1781 ab·

130 1830 248 1908 horret,
273 1852 344 1896 eum
369 1832 437 1897 sola
461 1852 511 1916 ep.
529 1833 598 1897 119
622 1834 654 1897 in
678 1841 814 1898 mentem
840 1839 970 1899 revocat
1002 1853 1063 1899 nec
1086 1838 1227 1917 praeter·

130 1946 331 2030 mittendum,
368 1947 453 2030 quod
478 1969 517 2013 ea
541 1949 612 2033 ip'sa
635 1950 815 2015 nominibus
839 1969 914 2013 vere
939 1948 1094 2013 bucolicis
1129 1951 1226 2011 earet.

130 2063 347 2147 Epistularum
372 2063 515 2129 homines
538 2063 645 2148 potius
669 2084 762 2146 quam
799 2064 1012 2128 bucolicorum
1046 2062 1228 2147 pastoribus

130 2177 209 2240 tibia
263 2177 453 2266 canentibus
494 2178 699 2260 carminaque
748 2178 956 2242 recitantibus
1005 2174 1228 2240 comoediae

133 2291 284 2373 agricolis
309 2298 580 2375 compararantur,
610 2313 740 2375 quorum
766 2298 912 2356 naturam
936 2291 1084 2356 Ribbeck
1109 2290 1227 2377 optime

132 2403 306 2470 delineavit
329 2405 412 2470 libro
436 2427 529 2488 quem
553 2406 715 2491 inscripsit
732 2407 908 2493 Aproilros.
944 2405 1096 2482 Quamvis
1120 2412 1227 2468 autem

133 2519 246 2583 eadem
276 2521 437 2584 nominum
461 2520 685 2604 fingendorum
720 2521 801 2585 ratio
830 2522 926 2585 etiam
955 2518 1141 2602 comoediae
1175 2519 1226 2598 sit,

132 2638 240 2697 tamen
276 2653 358 2715 quae
389 2632 430 2698 ad
455 2635 586 2699 verbum
611 2641 643 2700 et
666 2635 804 2699 litteram
829 2653 847 2698 e
871 2633 1037 2698 comoedia
1072 2632 1226 2695 fluxerint

130 2767 193 2809 non
217 2753 355 2829 exstant,
391 2747 542 2813 admonet
578 2749 655 2830 eius,
692 2747 777 2830 quod
813 2748 878 2813 vini
916 2747 1035 2812 cultum
1068 2744 1222 2829 Alciphro

133 2861 342 2944 significavit,
382 2863 594 2942 Tourdburooc
633 2864 761 2947 insuper
800 2860 1029 2947 Aristophanei
1068 2861 1227 2939 Τρυγαὶου

132 2975 297 3057 gemellus.
315 2975 359 3039 At
376 2997 446 3040 oum
463 2998 547 3042 nova
563 2978 712 3059 fingeret,
731 2974 851 3040 tradita
868 2983 943 3039 ante
956 2974 1064 3039 oculos
1077 2973 1228 3054 babebat,

133 3089 246 3170 quibus
270 3089 386 3154 similia
410 3092 501 3156 novis
524 3093 677 3175 stirpibus
700 3091 878 3176 adsumptis
895 3090 1025 3154 effecit:
1066 3087 1227 3172 Corydoni

133 3210 165 3267 et
188 3203 311 3286 Aegoni
347 3207 439 3289 paria
463 3205 649 3270 Moschiona
674 3205 832 3269 Amniona
855 3205 1004 3269 Elationa
1028 3203 1228 3286 Ampeliona.

133 3317 238 3399 Atque
262 3324 296 3382 ut
320 3319 383 3382 iam
408 3319 599 3385 Theocritus
623 3319 752 3384 Baccho
782 3324 920 3402 cognata
943 3317 1064 3381 Sinrum
1090 3315 1229 3400 Thyrsin
1315 3344 1327 3373 ι

133 3431 355 3515 Thyonicbum
381 3432 538 3517 adhibuit,
574 3432 729 3517 Alcipbro
760 3450 885 3513 quoqne
920 3431 1048 3494 nomina
1072 3431 1112 3493 ab
1136 3428 1228 3493 initio

131 3547 252 3610 Bacchi
276 3549 396 3630 agmini
420 3549 550 3632 propria
573 3548 715 3628 inscruit,
750 3547 916 3629 Napacum
941 3545 1096 3628 Eunapen
1121 3544 1227 3628 Hylen

134 3662 300 3726 Petraeum
326 3662 474 3728 Thallum
493 3662 690 3727 Thalliseum
710 3661 829 3725 Bacchi
854 3659 1021 3724 comitibus
1037 3663 1058 3738 ¹)
1083 3678 1123 3722 ex
1143 3658 1230 3723 rasis

133 3781 165 3839 et
188 3776 303 3842 Nonno
327 3778 410 3842 notis
445 3777 614 3842 simillima.
661 3776 830 3859 Longum
866 3795 939 3838 num
964 3773 1026 3838 bac
1049 3774 1081 3836 in
1104 3793 1138 3837 re
1162 3773 1230 3835 imi·

242 4063 267 4128 1)
296 4063 378 4116 Inter
406 4079 443 4116 ea
472 4064 561 4116 etiam
590 4064 708 4115 rusticis
738 4062 908 4130 propinqua
936 4066 1098 4113 occurrunt
1127 4061 1229 4126 Νύμφη

135 4159 253 4214 Baccha
273 4159 369 4227 Heyd.
390 4176 417 4229 p,
440 4159 471 4212 12
490 4159 547 4226 (Α),
569 4159 659 4224 Mulie
677 4160 813 4212 Bassaris
834 4157 928 4210 Nonn.
948 4157 992 4224 33,
1005 4157 1065 4214 324,
1086 4157 1231 4222 Φιλομήλα

134 4257 252 4310 Baccha
273 4256 368 4324 Heyd.
389 4273 416 4325 p.
432 4255 466 4309 14
479 4255 532 4322 (T).
