2724 4794
564 293 740 344 ..11-

100 468 228 533 natione
263 488 320 552 pro
356 467 465 530 Attica
500 486 609 544 -αρχοτ
644 464 698 543 (cf.
733 461 966 527 Meisterhans2
1002 461 1056 525 Gr.
1082 459 1112 525 d.
1138 466 1196 524 att.

102 582 222 647 Insehv.
257 604 286 666 p.
304 584 357 663 97,
385 585 415 658 1)
451 582 648 646 instructum.
697 579 830 644 Glossae
867 575 1009 642 (lu-Lat.
1042 575 1138 642 OGlL
1164 575 1196 638 ll

100 698 175 778 361,
202 699 219 762 1
245 698 417 781 portitor
441 702 576 760 vertunt.

207 836 377 915 Εὔαγρατ
402 836 490 913 113;
515 835 732 912 Φιλόθηροτ
757 834 845 916 1133
878 831 1109 910 Εὐθύβολοτ
1135 829 1197 892 16.

102 952 245 1031 Εὔαγροτ
271 951 315 1016 lG
340 951 371 1013 ll
388 932 498 1032 12616;
529 950 657 1033 saepius
681 948 860 1026 Φιλόθηροτ
884 947 971 1009 velut
990 944 1197 1024 Θεοφράττου

99 1067 275 1145 Παιονίδης
300 1065 452 1144 πρύτανι(
477 1064 518 1128 ib.
545 1064 610 1128 864
633 1071 666 1127 et
692 1058 747 1126 nr
772 1083 846 1145 app.
866 1061 909 1125 ll'
927 1061 986 1140 403
1013 1058 1196 1137 Εὐθύβολοτ

101 1182 133 1245 in
157 1180 312 1265 amphora
336 1179 408 1244 uic
434 1179 477 1242 IV
495 1179 581 1243 8199
607 1176 775 1260 sagittario
800 1177 964 1259 aptissime
989 1173 1197 1258 adscriptum.

103 1295 192 1373 Quae
206 1316 275 1360 curn
290 1315 391 1379 perse
404 1293 482 1358 nihil
500 1293 559 1357 nisi
573 1299 754 1356 venatorem
770 1290 949 1373 designent,
967 1287 1009 1354 ad
1023 1289 1200 1373 piscatores

102 1410 255 1495 Alciphro
280 1408 442 1475 transtulit
478 1407 611 1471 aliorum
636 1407 783 1491 exemplo
808 1404 945 1469 adiutus.
988 1404 1201 1483 ἰχθυβόλον

103 1526 187 1590 enim
220 1524 303 1609 Opp.
329 1524 526 1588 Ηα1.11121
563 1532 595 1586 et
630 1521 707 1587 alibi
743 1522 935 1605 piscatorem
971 1526 1076 1600 vocat,
1116 1516 1199 1582 idem

103 1639 144 1703 de
181 1640 341 1723 piscatore
365 1637 474 1702 11149
510 1637 572 1720 opos
608 1637 669 1715 γὰρ
708 1636 879 1714 εὐάγρητ
915 1655 948 1698 τε
987 1635 1037 1697 καὶ
1075 1631 1202 1711 Ἑρμεία

103 1756 198 1833 pilot
215 1753 274 1831 εἴη.
299 1753 355 1817 ΑΡ
373 1753 434 1817 Vll
448 1752 513 1816 295
531 1751 733 1837 piscatorem,
758 1750 823 1813 Vll
840 1750 904 1814 218
922 1749 1064 1826 ναυηγὸν
1081 1747 1200 1825 Θῆριν

103 1869 292 1932 invenimus.
317 1867 455 1933 Accedit
471 1866 555 1949 quod
575 1867 670 1946 βόλοτ
688 1886 766 1930 voce
784 1886 845 1929 non
862 1865 961 1930 solum
979 1862 1199 1948 piscationem,

104 1981 160 2047 sed
186 1983 281 2047 etiam
306 1988 374 2048 rete
397 1981 604 2066 piscatorium
628 1980 845 2064 appellabant.

209 2122 353 2185 (αιτίατ
379 2123 464 2203 121,
491 2123 520 2185 1.
567 2122 768 2199 (arctoae
792 2122 853 2183 καὶ
885 2119 1105 2198 Δαμοφίλη
1131 2118 1201 2183 16.

105 2237 159 2299 ΑΡ
184 2237 232 2299 XI
258 2236 318 2300 199
343 2237 544 2318 (ωτίπτολιτ,
568 2236 694 2300 111296
719 2236 884 2299 (metuunt
913 2236 1090 2320 piscatores
1114 2253 1202 2317 repe-

104 2352 225 2417 riuntm·
250 2370 289 2415 ac
313 2371 382 2415 cum
408 2351 578 2415 nonnullae
603 2371 701 2416 narses
725 2351 855 2414 Atticae
878 2350 1023 2414 similiter
1047 2355 1202 2413 vocentur

104 2465 531 2549 (caenomanensium
550 2466 821 2550 (pneumon-213
847 2467 1007 2547 arnano,
1029 2465 1202 2529 (acteone
1233 2448 1237 2453 ’

106 2580 267 2662 latram,
292 2579 430 2659 (ώτειρα
448 2581 608 2653 193α11,
634 2581 768 2646 Graecis
792 2579 940 2646 servandi
966 2580 1126 2644 notionem
1151 2598 1202 2642 no·

105 2694 241 2759 minibus
265 2714 382 2776 eorum,
409 2697 459 2777 qui
485 2697 517 2758 in
531 2715 616 2759 mare
634 2715 672 2759 ac
689 2696 783 2760 rebus
799 2695 966 2759 maritimis
983 2691 1202 2776 versabantur,

104 2809 259 2892 imprimis
294 2808 441 2874 idoneam
479 2809 580 2876 visam
614 2830 683 2876 esse
717 2810 908 2894 putabimus,
944 2809 991 2873 ita
1015 2816 1049 2874 ut
1073 2816 1204 2892 propter

105 2944 196 2987 omen
210 2926 234 3001 1)
258 2924 412 3008 Alciphro
436 2926 570 3008 elegerit
587 2924 711 2990 Sosiam
736 2946 827 2990 servo
840 2922 875 3004 2),
900 2924 1090 2990 Sosthenem
1115 2924 1202 2988 nobi·

104 3037 176 3102 liori
215 3040 318 3122 magis
358 3050 475 3124 aptum.
540 3043 673 3125 Propter
718 3040 917 3104 nobilitatem
957 3037 1070 3104 eodem
1110 3039 1203 3104 modo

107 3152 320 3237 Damophilae
346 3153 479 3218 duarum
503 3154 648 3238 stirpium
673 3175 787 3218 nomon
820 3155 940 3219 tribuit.
975 3153 1114 3217 Maxime
1138 3174 1202 3217 me-

105 3266 268 3332 morabilis
292 3275 341 3333 est
363 3268 466 3334 forma
491 3269 610 3350 dorica,
643 3268 700 3334 sed
725 3277 830 3334 tamen
855 3271 941 3334 vitae
966 3269 1034 3333 usui
1061 3289 1201 3352 compar,

106 3379 191 3445 illius
216 3381 343 3462 quidem
369 3385 531 3468 temporis,
557 3385 647 3450 cuius
672 3405 723 3448 res
741 3385 867 3449 Atticas
883 3383 1037 3467 Alciphro
1062 3384 1201 3448 maxime

105 3501 241 3577 spectat.
277 3496 459 3580 Peregrinis
482 3500 610 3582 saepius
634 3518 673 3563 ac
698 3499 826 3583 saepius
850 3499 881 3562 in
907 3499 1016 3563 urbem
1042 3496 1203 3561 confluen-

106 3609 190 3674 tibus
221 3617 347 3694 praeter
380 3612 444 3675 alia
479 3611 607 3676 nomina
643 3613 683 3677 ab
708 3613 885 3677 Atticorum
925 3610 1065 3676 dialecto
1099 3612 1204 3676 aliena
1246 3598 1248 3602 ¹

214 3863 240 3925 1)
261 3863 345 3917 Plato
357 3862 467 3932 Oratyl.
478 3864 602 3933 p.39lss
617 3863 655 3917 de
674 3863 828 3916 hominum
847 3864 1019 3916 nonninibus
1039 3862 1202 3916 disserens:

105 3958 196 4011 πολλὰ
222 3958 246 4012 δ’
266 3961 357 4026 ὥςπερ
377 3961 523 4025 εὐχόμενοι
542 3960 665 4013 τίθενται
693 3958 755 4012 olov
775 3958 929 4025 Εὐτυχίδην
959 3962 1003 4012 καὶ
1021 3959 1127 4012 (melon
1156 3962 1201 4012 καί

107 4052 247 4122 Θεόφιλον
266 4058 310 4109 καὶ
330 4058 400 4110 ἄλλα
418 4058 516 4111 πολλά.

213 4152 240 4217 2)
268 4152 370 4206 (ωτίατ
400 4155 487 4222 quasi
518 4169 625 4208 servus
654 4155 798 4223 frequens
824 4154 854 4206 in
885 4154 1041 4209 comoedia
1060 4153 1131 4207 inde
1160 4154 1199 4209 ab

107 4246 317 4317 Aristophanis
337 4249 451 4319 Vespis.
