2724 4794
676 272 849 325 ,64-

206 441 328 527 quippe
353 439 438 525 quod
462 440 546 506 bono
571 440 674 504 omine
699 440 868 505 observato
897 438 1014 504 homini
1049 438 1191 523 eligatur
1215 438 1312 524 pluri-

208 575 356 638 mumque
381 555 489 621 valeat
516 555 548 618 iu
573 554 657 618 omni
681 555 916 638 superstitione,
949 573 1020 618 cum
1055 551 1144 617 dicto
1181 555 1311 619 nomine

207 668 326 735 honuni
344 689 413 735 sors
426 668 534 734 futura
548 667 721 751 defigatur.
758 668 808 732 lta
825 687 895 732 cum
912 667 1073 732 nominum
1088 667 1309 751 significatum

206 784 373 869 ρονοὶροιο
388 784 537 863 solerent,
562 782 768 865 intellegitur,
785 779 943 863 quomodo
960 783 1152 866 cognomina
1167 781 1209 848 ex'
1232 783 1309 847 vitio

207 898 256 963 νοΙ
283 896 401 963 virtute
425 897 528 982 petita
556 895 711 980 paulatim
737 895 856 961 homini
884 897 1013 980 propria
1035 896 1108 961 fieri
1132 898 1309 982 potuerint.

205 1012 319 1095 Neque
344 1013 443 1096 igitur·
466 1011 528 1075 lroc
552 1012 674 1092 mirum,
699 1009 785 1093 quod
806 1011 952 1075 omnibus
974 1012 1172 1095 temporibus
1189 1011 1309 1076 Graeci

205 1127 366 1193 nominum
401 1132 508 1211 etymo
537 1123 647 1190 ludere
675 1124 830 1209 solebant,
866 1125 956 1190 cuius
979 1123 1067 1190 lusus
1097 1123 1309 1210 etymologici

205 1240 354 1327 exempla
378 1259 417 1305 ex
444 1238 511 1305 vita
534 1246 567 1305 et
590 1239 705 1305 litteris
729 1246 877 1306 sescenta
900 1246 1037 1306 exstant.
1186 1305 1190 1310 ,

314 1355 344 1420 b.
369 1353 467 1432 Quasi
492 1354 570 1419 artis
592 1352 773 1419 rhetoricae
788 1355 888 1420 τόποι
904 1355 1069 1437 Aristoteli
1092 1352 1133 1418 de
1149 1359 1211 1418 art.
1228 1352 1309 1418 rhet.

208 1468 430 1536 1123140011
451 1469 528 1547 17¹)
548 1467 601 1532 ille
618 1468 723 1533 lusus
747 1469 1064 1553 etymologiens2)
1088 1467 1230 1550 videtur,
1255 1469 1308 1550 qui

205 1603 320 1649 rnunen
356 1588 388 1647 et
418 1602 526 1647 veram
561 1581 698 1648 hominis
733 1583 784 1647 vel
816 1589 961 1647 naturam
998 1583 1050 1648 vel
1085 1589 1204 1649 sortem
1240 1582 1310 1647 sive

205 1697 385 1765 ‹arrisentire
424 1696 492 1761 sive
531 1695 665 1762 differre
679 1698 704 1776 ⁸)
725 1681 824 1761 'dicit
862 1696 950 1761 velut
981 1698 1045 1760 iam
1073 1697 1235 1762 Homerus
1270 1695 1308 1759 ll.

209 1810 248 1876 Vl
275 1810 340 1875 403
376 1808 584 1894 Astyanactis
616 1829 729 1875 nomen
766 1810 916 1895 explicat.
964 1811 1033 1877 Nec
1067 1810 1167 1876 ceteri
1191 1811 1309 1901 carmi·

205 1944 277 1989 1111111
303 1922 504 2007 epicorum
539 1929 654 2007 poetae
682 1924 723 1988 ab
753 1922 812 1987 hoc
848 1923 917 1988 lusu
945 1923 1117 2001 abstinent,
1154 1922 1209 2005 qui
1236 1942 1309 1988 curn

205 2034 291 2122 apud
306 2055 438 2121 poeseos
455 2055 537 2119 quae
548 2035 664 2101 dicitur
680 2037 828 2121 lyricae
841 2044 989 2102 auctores
998 2037 1101 2102 rarius
1111 2037 1308 2120 inveniatur,

206 2149 479 2233 {renuentissimus
503 2156 552 2215 est
574 2150 660 2235 apud
677 2151 901 2235 tragicosl).
926 2150 1082 2217 Similiter
1097 2158 1194 2234 atque
1211 2153 1310 2238 epiea

206 2265 349 2329 earmina
384 2264 553 2347 tragoedia
588 2285 659 2330 cum
694 2265 860 2351 permultis
892 2267 1072 2331 nominibus
1095 2264 1228 2330 deorum
1254 2266 1310 2331 vel

206 2377 336 2444 heroum
362 2376 495 2444 historia
517 2378 655 2445 fabulari
680 2379 808 2446 traditis
841 2400 906 2445 rem
941 2381 1039 2446 habet
1074 2379 1177 2462 iisque
1210 2379 1308 2446 ludit.

206 2579 250 2634 W.
271 2579 474 2646 Heitmueller,
495 2581 546 2650 qul
566 2581 597 2633 in
616 2581 692 2634 libro
715 2581 774 2650 ,Im
793 2581 909 2637 Namen
922 2581 1013 2637 Jesu“
1035 2580 1222 2653 Goettingen
1237 2583 1311 2639 1903

206 2677 338 2730 omniurn
359 2676 540 2746 populorum
560 2682 590 2731 et
609 2682 778 2748 temporum
807 2679 844 2733 de
864 2679 993 2733 nominis
1013 2681 1044 2733 vi
1063 2680 1309 2736 existimationes

205 2787 242 2824 ae
271 2773 501 2842 superstitiones
536 2773 670 2828 contulit.
709 2775 745 2828 cl.
776 2775 921 2844 imprimis
952 2792 980 2846 p.
1001 2776 1053 2830 154
1068 2792 1133 2846 sqq.
1151 2793 1181 2846 p.
1201 2777 1311 2847 llilsq.

206 2867 344 2938 Denique
364 2870 399 2923 cl.
420 2869 453 2923 11.
467 2869 668 2925 Reitzenstein
689 2870 885 2928 Poimandras
905 2874 1026 2944 Lipsiae
1037 2876 1108 2930 1904
1117 2892 1146 2946 p.
1158 2876 1189 2930 11
1204 2876 1279 2931 adn.
1293 2879 1312 2932 6

206 2965 285 3035 ,Der
304 2965 398 3021 Name
416 2966 454 3020 iet
477 2968 508 3020 ln
535 2967 638 3021 diesen
667 2969 850 3037 mystischen
870 2968 1004 3026 Stiicken
1025 2975 1236 3042 ,lpapyrorum
1254 2978 1312 3040 sc.)

204 3062 264 3115 last
283 3061 381 3130 gleich
402 3062 455 3116 der
474 3062 588 3118 Person
609 3065 684 3119 oder
705 3067 788 3120 einer
807 3066 1059 3136 Hypostasevon
1078 3068 1140 3122 ihr“
1163 3085 1200 3123 ac
1213 3086 1244 3140 p.
1253 3069 1312 3125 256

204 3160 235 3212 et
254 3159 497 3227 supplementum
516 3176 545 3230 p.
563 3161 625 3215 366.

313 3254 338 3321 1)
358 3257 439 3309 ἄλλοτ
460 3256 516 3309 ὐπὸ
535 3262 587 3310 τοῦ
606 3258 746 3324 όνόματοτ
767 3258 829 3312 οἷον
849 3262 888 3313 ώ(
908 3260 1054 3329 (οφοκλῆτ
1145 3263 1311 3319 Κόνων...

203 3349 347 3415 Ἣρόδικοτ
368 3390 375 3403 .
394 3390 400 3404 .
421 3390 427 3404 .
447 3353 464 3416 ἡ
485 3352 632 3418 Εὐριπίδου
649 3355 752 3421 Ἐκύβη
773 3394 779 3409 .
801 3393 807 3408 .
827 3394 833 3408 .
853 3359 899 3409 καὶ
918 3359 957 3410 alr(
975 3358 1126 3426 Χαιρήμων
1144 3362 1203 3413 κτλ.

313 3446 340 3513 9)
361 3444 404 3501 Cl.
423 3447 569 3517 Mainake,
589 3447 675 3502 Anel.
695 3449 859 3506 Alexandr.
879 3469 907 3523 p.
927 3454 961 3507 99
972 3469 1015 3522 sq.

310 3542 338 3606 3)
359 3540 402 3596 Of.
422 3543 524 3597 Rutilii
538 3544 563 3599 N
566 3546 709 3599 amatiani
729 3563 837 3601 versus
847 3547 914 3602 Itin.
928 3549 1000 3604 1909
1012 3548 1197 3607 Nominibus
1209 3556 1309 3609 cer-toa

203 3637 328 3692 credam
347 3639 506 3694 decurrere
524 3656 631 3709 morea,
651 3642 792 3698 Moribus
805 3643 961 3714 capotius
976 3643 1103 3700 nomina
1116 3648 1198 3702 certa
1211 3648 1309 3704 dari?

204 3739 233 3788 et
252 3734 370 3788 Platon.
390 3733 503 3805 Cratyl.
524 3753 551 3805 p.
562 3737 650 3791 3973
670 3740 760 3793 πολλὰ
779 3740 802 3793 δ’
822 3740 873 3808 (sc.
886 3742 1023 3808 ὀνόματα)
1043 3744 1136 3809 ὥοπερ
1155 3744 1306 3811 εὐχόμενοι

206 3830 329 3884 τίθενται
349 3832 502 3898 Εὐτυχίδην
520 3837 565 3886 κα1
584 3832 689 3888 (erclen
709 3839 753 3890 καὶ
773 3837 912 3904 Θεόφιλον
931 3842 976 3892 καὶ
996 3841 1068 3893 ἄλλα
1086 3840 1185 3894 πολλά.

309 3928 337 3995 4)
359 3928 442 3982 Duas
466 3929 502 3983 de
522 3944 559 3983 ea
577 3946 610 3985 re
630 3935 897 3989 commentationes
927 3936 1079 4004 inspicere
1110 3951 1171 3990 non
1203 3940 1305 4007 potui:

204 4023 238 4077 R.
259 4023 364 4090 flecht,
393 4024 438 4079 De
467 4027 657 4096 etymologiis
686 4029 769 4097 apud
788 4035 894 4099 poetas
914 4029 1049 4086 Graecos
1078 4033 1184 4087 obviis.
1223 4032 1303 4089 Diss.

202 4119 317 4189 Regim.
338 4120 415 4174 1889.
453 4121 575 4190 Fuoclri,
594 4123 637 4177 Le
657 4125 830 4195 etimologie
851 4127 899 4181 dei
913 4129 995 4182 nomi
1008 4129 1112 4198 propri
1126 4130 1176 4183 nei
1190 4131 1303 4199 tragici

202 4218 294 4286 greci.
331 4217 502 4272 Florentiae
520 4225 550 4273 et
570 4218 684 4276 Romae
705 4222 783 4276 1898.
