2724 4794
588 302 764 362 —82-

129 480 243 560 Χρυςίς
279 480 467 560 Χρυςογόνη
508 483 655 560 Μυρρίνη
690 481 846 559 Μυρτάλη
880 481 1010 556 Ῥοδίνη
1043 477 1227 543 Ῥοδόκλεια

127 595 268 673 Ῥοδόπη
295 596 419 674 Καλύκη
436 597 580 674 Λειμώνη
596 633 636 641 -
648 596 779 659 Ἄνθεια
796 594 990 672 Ἀνθοκόμης
1007 593 1161 659 Φυλλίων
1184 630 1228 639 -

130 711 311 788 Χαρίδημος
337 710 494 788 Χαρικλῆς
520 710 681 788 Χαρμίδη(
698 710 845 787 Χαρίςιος
871 709 1052 786 Νικοχάρης
1075 745 1116 754 -
1142 708 1227 786 Πυρ-

128 825 197 901 ρίας
223 824 377 889 ΧλοάΖων
392 862 434 868 -
452 825 602 902 Τερψίων
626 825 786 901 Ῐερψιθέα
810 824 964 900 θελξινόη
992 860 1036 867 -
1063 821 1224 899 Καλλιόπη

130 938 316 1016 Καλλικοίτη
359 975 397 983 -
445 937 607 1015 Εύμουςος
650 975 688 982 -
728 938 964 1015 Μειρακιοφίλη
1012 937 1147 1014 Κορίννη
1183 972 1227 981 -

129 1053 241 1115 Λύκων
257 1053 419 1130 Φορμίων.
460 1050 696 1115 Comoediae
720 1053 810 1115 cuius
825 1051 1010 1114 memoriam
1035 1049 1100 1114 dno
1116 1050 1229 1114 ultima

129 1169 271 1231 excitant
283 1187 387 1250 paueat
403 1165 569 1247 debemur,
586 1174 693 1229 tamen
706 1164 783 1229 inde
799 1166 954 1247 originem
966 1163 1087 1229 ducunt
1099 1165 1228 1228 nomina

128 1282 311 1346 meretricia
335 1282 474 1358 Γλυκέρα
497 1282 574 1344 θαῑς
591 1281 667 1343 Λαῑς
691 1280 766 1344 alia.
814 1279 880 1344 Sed
904 1300 944 1343 ne
969 1279 1048 1344 haec
1065 1277 1228 1360 quidema

129 1395 296 1460 comoedia
319 1396 390 1479 ipsa
419 1396 521 1478 petita
554 1402 638 1476 sunt,
674 1397 771 1458 immo
806 1394 921 1459 mediis
955 1393 1228 1458 intercedentibus

129 1511 322 1595 sophistis
361 1511 508 1574 ceteris
542 1517 576 1574 et
610 1531 650 1574 ea
684 1521 717 1573 et
755 1509 820 1573 alia
844 1509 932 1573 velut
955 1510 1079 1588 Δελφίς
1119 1508 1228 1586 Δωρίς

132 1625 317 1704 Εὐφρόνιον
341 1625 482 1688 Μέλιττα
498 1624 710 1702 Μελιςςάριον
724 1625 856 1699 Πετάλη
872 1624 1015 1688 Φιλαινίς
1032 1624 1229 1701 Φιλημάτιον

133 1741 244 1818 Κοχλί(
270 1740 458 1803 Χελιδόνιον
487 1776 529 1783 -
554 1739 728 1816 Ἀταλάντη
748 1739 900 1803 Γαλάτεια
917 1739 1010 1802 θέτις
1034 1738 1227 1815 Μελπομένη

133 1854 248 1932 Πιερία
272 1891 315 1897 -
338 1853 524 1931 Μουςάριον
543 1854 704 1931 Ἀμπελίς.

237 1969 268 2034 2.
304 1967 568 2051 Aleiphronis
602 1988 679 2031 vcro
713 1968 842 2032 uomina
876 1989 938 2032 nou
976 1969 1024 2030 ita
1051 1967 1148 2031 facile
1181 1974 1230 2031 est

130 2080 309 2164 disponere,
347 2081 461 2163 quibus
489 2079 574 2162 quod
606 2081 688 2143 ludit
716 2102 778 2145 nou
803 2089 853 2146 est
876 2087 1108 2164 argumentum,
1144 2077 1230 2143 uude

131 2196 300 2278 quicquam
325 2194 366 2259 de
390 2195 480 2259 fonte
504 2202 558 2258 aut
582 2195 761 2260 imitatione
788 2204 952 2278 sequatur.
998 2195 1064 2259 Sed
1087 2215 1231 2259 secerna-

131 2331 200 2373 mus
223 2329 353 2393 genera.
1180 2373 1185 2378 .

237 2445 267 2487 a.
303 2424 506 2488 Piscatori
517 2445 623 2488 orum
648 2425 796 2507 exempla
812 2432 901 2488 certa
917 2425 994 2489 alibi
1011 2445 1073 2490 non
1090 2430 1228 2490 exstant.

133 2537 358 2621 ,ticipbronem
383 2538 472 2603 libris
505 2559 623 2622 eorum,
664 2540 718 2620 qui
752 2547 848 2604 antea
871 2538 912 2603 de
937 2539 1050 2603 eadem
1074 2560 1108 2604 re
1131 2538 1230 2622 scrip-

131 2655 277 2734 serane),
291 2672 379 2716 usum
391 2672 461 2717 esse
471 2654 625 2737 suspicari
636 2654 723 2734 licet,
731 2652 942 2719 demonstrari
952 2655 1072 2735 nequit.
1089 2650 1231 2737 Oppiani

132 2787 204 2830 cum
229 2765 408 2848 halieuticis
431 2787 514 2847 quae
538 2776 727 2849 congruunt,
762 2787 819 2831 suo
843 2768 914 2831 loco
938 2767 1119 2831 notavimus
1141 2771 1184 2851 (p.
1199 2769 1228 2831 7.

133 2880 163 2943 8.
193 2883 257 2960 11).
304 2880 382 2944 Cum
421 2882 514 2964 epica
546 2881 602 2944 itta
641 2881 759 2946 fuerint
797 2883 950 2964 earmina,
992 2881 1078 2946 hand
1117 2883 1230 2944 mirum

132 2993 218 3075 quod
242 2994 284 3058 ad
308 2994 342 3058 id
375 3015 476 3078 genus
504 2997 747 3080 piscatoriorum
786 2996 886 3061 multa
921 2997 1000 3060 {icta
1034 3003 1109 3061 suut
1144 2996 1231 3059 velut

131 3107 317 3172 Ἁλίκτυπος
342 3109 484 3187 Κυμόθος
501 3109 658 3193 Εύπλοος,
682 3129 787 3191 neque
809 3110 907 3192 igitur
923 3110 1012 3175 casui
1028 3108 1232 3175 tribuendum

133 3222 261 3287 videtur
284 3221 368 3304 qnod
392 3223 553 3288 simillima
569 3232 642 3289 sunt
659 3224 841 3288 Phaeacum
858 3225 1038 3289 nominibus
1054 3224 1231 3309 Odysseae.

133 3335 216 3414 Quin
232 3336 436 3420 Alciphronis
451 3338 638 3418 Πρυμναῖος
661 3339 715 3403 vix
732 3338 929 3420 intellegitur
953 3339 1014 3404 nisi
1039 3338 1234 3422 comparatis

133 3451 218 3515 iltius
252 3450 421 3528 Πρυμνεύς
450 3458 483 3514 et
505 3451 659 3530 Πρωρεύς
695 3471 826 3532 quorum
863 3452 996 3517 alterum
1032 3453 1124 3517 alteri
1159 3472 1234 3536 sup-

134 3564 251 3648 plendo
275 3573 333 3629 est.
370 3566 479 3629 Pauca
502 3564 620 3630 deinde
643 3565 850 3648 anthologiao
875 3587 949 3630 usus
974 3568 1112 3648 vestigia
1135 3586 1233 3650 supra

133 3701 164 3762 p.
188 3680 216 3743 i.
243 3682 294 3743 11.
319 3680 359 3743 12
393 3679 561 3744 statuimus
593 3700 653 3744 nee
687 3687 792 3744 tamen
824 3682 948 3762 gravia.
1002 3682 1115 3763 Neque
1148 3682 1232 3744 enim

134 3793 366 3879 epigrammata
404 3814 507 3876 neque
546 3794 720 3858 halieutica
754 3793 842 3859 aliud
881 3795 1068 3879 Aloiphroni
1108 3815 1147 3858 ae
1182 3815 1233 3860 res

138 3973 193 3980 ...—

242 4072 269 4138 1)
288 4071 351 4124 Iam
371 4070 393 4124 Ι.
414 4086 440 4123 a.
459 4069 526 4124 Chr.
553 4086 581 4122 n.
610 4071 731 4125 saeculo
761 4070 853 4125 Dorio
883 4075 945 4139 περὶ
975 4074 1081 4137 ἰχθύων
1106 4073 1235 4140 scripsit,

134 4170 351 4238 imperatorum
379 4167 566 4235 temporibus
592 4166 782 4221 Metrodorus
811 4172 841 4222 et
861 4168 1071 4222 Demostratus
1101 4172 1131 4222 et
1158 4183 1234 4236 quos

134 4263 243 4319 Athen.
263 4264 276 4316 I
296 4281 323 4333 p.
343 4263 407 4316 13ss
428 4267 648 4315 commemorat.

426 4438 571 4514 Λ
