2724 4794
552 269 727 322 -45,

91 420 148 504 λοε
183 441 237 521 (ab
273 440 364 504 aleae
396 441 522 517 iactura
546 461 596 526 cp.
615 442 700 506 1116
725 450 756 507 ο1
785 443 833 524 18,
861 446 876 508 1
915 449 1174 526 commemorata)

90 554 174 639 quod
209 574 401 637 quamquam
425 576 482 640 per
515 576 549 621 se
580 564 701 641 aptum,
741 564 847 622 tamen
881 559 1029 641 quoniam
1047 561 1072 625 Ι.
1106 562 1186 626 libro

90 670 153 736 alio
178 691 272 736 sensu
303 672 456 756 piscatori
491 671 638 736 inditum‘
663 682 711 737 cst
735 673 776 738 ab
812 672 873 738 lroc
908 674 979 739 loco
1014 676 1186 741 abhorrere

92 785 228 851 videtur.
275 786 312 850 In
337 786 514 852 Gemello
547 807 609 849 non
643 807 713 851 eum
739 788 876 852 Knorrio
913 789 1041 854 verbum
1078 791 1186 869 γέμειν

88 900 145 966 scil
171 901 303 966 latinum
327 900 513 986 gemellus¹)
539 921 689 983 quaeram
715 902 909 968 adiectivum
934 924 973 968 ac
997 925 1059 970 non
1083 906 1184 970 solum

90 1015 302 1080 Romanorum
328 992 505 1082 sedetiam
531 1016 724 1081 Graecorum
750 1037 863 1082 nomen
889 1020 1050 1103 proprium
1075 1020 1184 1100 (Δίδυ-

89 1151 147 1209 μοε
172 1130 191 1194 ὁ
219 1132 270 1194 καὶ
307 1131 450 1209 Γέμεινοε
484 1131 564 1214 Pap.
590 1130 699 1194 Amslr.
718 1131 818 1207 1166,
843 1132 886 1196 34
924 1133 1080 1212 Γεμέλλου
1106 1134 1183 1217 Pap.

90 1244 191 1310 [lond.
209 1245 311 1327 1128,
336 1245 425 1326 295),
461 1245 508 1310 ita
543 1250 577 1309 ut
612 1245 772 1329 parasitus
808 1245 978 1312 denotetur
1014 1267 1093 1313 unus
1127 1269 1184 1332 pro

86 1358 211 1425 duobus
227 1357 440 1425 numerandus
453 1359 535 1424 siout
548 1358 748 1423 Philocrates
762 1359 875 1425 Eubul.
894 1361 941 1424 111
959 1361 1020 1425 261
1050 1363 1112 1426 ν.3
1127 1362 1184 1426 ἕνα

87 1475 150 1552 γὰρ
174 1474 297 1538 ἐκεῖνον
321 1472 400 1537 ὄντα
417 1472 476 1536 δύο
493 1475 655 1551 λογίζομαι
672 1473 840 1556 μεγάλουε,
865 1477 988 1553 μᾶλλον
1005 1477 1040 1540 δὲ
1057 1473 1183 1557 mereo.

19 1662 21 1666 ¹
85 1586 460 1673 Mandylocolaptis
483 1591 638 1667 μανδυλο-
664 1587 724 1652 hac
748 1588 851 1652 forma
876 1588 952 1653 alibi
977 1611 1039 1655 non
1064 1592 1183 1656 inveni·

85 1710 150 1786 tur,
173 1701 366 1769 simillimum
379 1703 540 1782 μάνδαλοε
553 1711 602 1768 est
619 1701 669 1767 vcl
686 1702 850 1781 μάνδαλον
867 1704 1042 1770 secundum
1060 1705 1184 1788 glossas

86 1814 342 1898 catulisca,
366 1817 420 1880 43.
448 1816 520 1898 149,
538 1815 580 1880 48
605 1816 750 1900 pessulus
775 1817 825 1882 vel
850 1818 1037 1901 repagulum
1062 1818 1130 1884 ool
1156 1821 1183 1884 L

86 1931 281 2013 liriaco,
318 1929 403 2013 quod
433 1929 530 1995 etiam
555 1931 748 2014 posteriores
771 1932 945 2016 scriptores
978 1937 1181 2013 testanturl).

85 2046 244 2130 Adposito
283 2047 444 2124 κολάπτηε
492 2043 655 2129 (κολάπτω
692 2045 775 2111 cudo
794 2047 824 2110 11
841 2048 917 2128 352,
938 2051 988 2112 ll.
1024 2050 1095 2132 118,
1126 2051 1181 2127 28)

84 2163 259 2247 parasitum
299 2162 436 2227 fortasse
476 2162 552 2225 licet
583 2161 780 2244 intellegere,
821 2163 873 2244 qui
910 2163 1008 2227 nimia
1042 2163 1182 2228 intrandi

85 2275 237 2361 cupidine
260 2278 426 2361 repagula
444 2278 564 2360 pulsnt
586 2277 645 2356 (sie
669 2274 709 2340 de
734 2275 809 2342 solis
826 2278 917 2358 equis
933 2278 1180 2345 avolaturisOv.

84 2391 316 2472 Metilius),
341 2411 381 2456 ex
407 2411 469 2472 qua
494 2392 610 2456 virtute
635 2391 708 2456 talis
731 2391 819 2475 apud
844 2392 1017 2476 Autiplran.
1045 2394 1093 2457 111
1119 2396 1180 2459 tro

83 2505 184 2584 θύρα(
207 2505 374 2585 μοχλεύειν
404 2505 523 2584 εειεμόε
559 2505 787 2590 appellatur4).
835 2506 1131 2592 Plirygocoeles
1154 2510 1180 2573 si

83 2627 173 2696 recte
206 2618 342 2684 traditur
375 2618 601 2702 explicandum
636 2617 776 2683 videtur'
797 2619 932 2684 conlatis
960 2626 993 2685 et
1016 2620 1179 2687 adiectivo

84 2733 312 2812 κοιλιογάετωρ
332 2730 512 2818 „esuriens“
544 2739 576 2797 et
593 2733 754 2797 locutione
771 2734 835 2796 ὑπὸ
852 2735 967 2811 δίψουε
995 2735 1180 2817 φρύγεεθαι,

84 2869 275 2931 quamquam
292 2867 363 2931 ‚qua
387 2848 509 2911 ratione
533 2846 616 2912 duae
640 2847 715 2912 illae
739 2847 888 2913 vocabuli
920 2855 1028 2933 partes
1052 2869 1179 2933 compo·

83 2964 167 3030 sitne
190 2965 263 3047 sint,
298 2963 463 3029 nonsatis
493 2963 695 3047 perspicitur.
743 2962 836 3026 Certe
872 2969 978 3027 autem
1013 2982 1095 3043 quae
1120 2965 1180 3029 viri

84 3079 172 3144 docti
197 3079 400 3145 coniecerunt
424 3079 609 3142 Φυείκιλλοε
634 3078 747 3155 Φμικο-
772 3077 822 3140 vel
852 3076 1043 3154 Ῥιγοκοίτηε
1067 3079 1179 3156 Φμικο-

86 3193 205 3258 κοιλίοε
230 3200 262 3257 et
285 3193 378 3257 nimis
402 3193 555 3257 recedunt
579 3213 598 3255 a
626 3192 763 3256 lectione
799 3190 919 3256 tradita
953 3212 1013 3257 nec
1049 3201 1180 3277 propter

85 3306 342 3390 significationes
365 3305 482 3372 idonea
505 3312 579 3372 sunt
602 3304 643 3370 ad
668 3305 904 3390 proterendum.

186 3486 210 3549 1)
231 3484 413 3539 Differentia
434 3483 573 3553 quamvis
596 3484 718 3537 minima
747 3487 847 3537 exstat
875 3483 952 3537 inter
980 3485 1120 3554 geminus
1150 3490 1179 3536 nt

84 3574 239 3644 gemellus.
268 3574 391 3644 gemina
409 3572 489 3642 legio
511 3572 603 3640 vulgo
624 3572 745 3642 duplex,
775 3577 880 3626 contra
900 3571 1011 3626 Caesar
1031 3572 1098 3626 bell.
1120 3574 1177 3628 civ,

82 3662 158 3716 1114
179 3663 344 3732 „legionem
364 3662 474 3714 factam
495 3676 533 3713 ex
554 3661 673 3714 duabus
693 3660 852 3728 gemellam
872 3660 1070 3729 appellabat“.

182 3760 210 3825 2)
229 3759 326 3813 Plaut.
338 3759 413 3812 Men.
424 3758 476 3811 223
497 3758 534 3811 dc
554 3758 701 3825 parasito:
721 3760 783 3811 octo
794 3754 951 3811 hominum
964 3772 1077 3810 rannus
1085 3755 1178 3826 facile

79 3854 235 3926 scopitur.

181 3953 210 4020 3)
229 3951 394 4007 Mutationc
414 3951 626 4006 abstinendum
650 3951 779 4005 videtur.
799 3953 872 4004 -ιιλο-
887 3951 945 4004 alio
966 3950 1078 4003 suffixo
1099 3949 1176 4004 idem

80 4055 120 4094 ac
138 4041 210 4106 μάνδ
229 4044 306 4094 -ολοε
325 4055 391 4094 esse
411 4046 517 4109 potest.
555 4037 585 4093 Si
605 4039 752 4106 Μανδηλο-
781 4037 831 4102 (ad
851 4037 1038 4103 mantellum)
1068 4038 1177 4090 scribe-

80 4143 192 4197 remus,
212 4130 338 4184 mutetio
358 4129 410 4182 vix
430 4129 545 4182 facilior
565 4133 720 4182 essetnec
740 4128 892 4192 -κολάπτηε
912 4125 1123 4194 explicaretur.

181 4225 208 4290 4)
228 4226 384 4279 Parasitus
404 4226 491 4278 nimis
510 4225 631 4293 pultans
652 4223 748 4276 Plaut.
768 4222 844 4277 Men.
866 4223 928 4278 119,
