2724 4794
601 266 779 350 ,gg-

129 467 278 561 procreat
301 471 460 540 voeabula
476 472 543 536 sive
564 468 724 554 simplicia
745 466 827 533 sient
847 466 997 545 Χαιριδῆς
1015 464 1068 529 Αι.
1082 461 1225 527 Acharn.

131 592 195 655 866
221 612 277 675 pro
295 588 464 654 Chaeridis
488 586 657 670 discipulo,
683 583 886 661 ἑςωκρὰτουν
910 581 953 646 id.
971 581 1031 645 Ar.
1051 578 1136 643 1282
1161 578 1230 642 sive

129 707 274 788 longiora
309 704 418 785 qualia
440 700 735 779 Ἡρακλειοξανθίας
762 698 815 761 Ar.
832 696 913 760 Rau.
938 695 1015 776 499,
1039 695 1229 772 Δημολογο-

128 822 232 884 κλέων
245 820 298 882 Ar.
308 817 491 901 Vesp.342‚
508 814 861 893 Τιςαμενοςραινίππους
878 790 1230 887 Πανουργιππαρχίδας

130 933 172 998 id.
200 933 281 1000 Aen.
308 933 385 1014 603,
422 929 721 1010 Γερητοθεοδώρους
757 924 1047 1003 Δειομειαλαζόνας
1083 922 1125 987 ib.
1152 922 1229 984 605.

130 1048 399 1124 Ἐξηκεςταλκίδαι
413 1066 506 1109 anon.
522 1044 566 1108 lV
578 1045 644 1107 636
657 1044 758 1122 (127),
775 1041 1093 1119 Ἀνδροκολωνοκλῆ(
1107 1036 1229 1100 Oratio.

132 1162 161 1224 ΙΙ
181 1163 239 1225 171
260 1165 291 1236 ¹).

237 1275 308 1351 Quo
332 1276 373 1339 ab
391 1294 447 1337 usu
465 1294 527 1336 non
551 1274 684 1336 nndtunr
708 1271 821 1335 differt
845 1270 910 1333 alia
934 1267 1119 1334 comoediae
1135 1264 1230 1344 ratio,

130 1408 212 1470 quae
237 1388 323 1452 haud
340 1408 412 1452 raro
436 1390 566 1451 nornine
581 1389 678 1471 etymi
703 1407 801 1451 cansa
824 1392 956 1470 usurpat
980 1405 1042 1448 non
1065 1381 1107 1446 ad
1125 1381 1231 1462 desig-

132 1501 270 1566 nandum
307 1510 427 1567 eertum
464 1503 620 1566 horrrinem
655 1500 713 1564 sed
749 1500 789 1564 ad
825 1498 1055 1564 inlustrandam
1080 1493 1230 1561 vocabuli

131 1620 161 1681 ri
188 1617 323 1682 hominis
347 1626 503 1681 naturam.
533 1616 647 1701 ‘Quam
676 1616 806 1680 obrem
836 1614 1023 1700 saepissime
1049 1611 1232 1675 nominibus

131 1755 170 1798 ex
184 1736 251 1798 vita
267 1735 352 1797 notis
367 1735 465 1796 utitnr
489 1732 587 1815 etymi
613 1753 710 1796 causa
733 1739 789 1796 aut
807 1740 840 1795 ut
856 1733 986 1797 Δεινίας
1004 1732 1098 1798 homo
1114 1729 1233 1796 ditissi-

100 1826 105 1851 ⁸
133 1869 201 1912 rnus
225 1857 274 1912 est
298 1847 410 1912 Stratt.
434 1849 463 1910 ll
491 1848 554 1912 775
572 1849 629 1929 (1),
654 1845 813 1925 Οἰνόμαος
834 1849 915 1926 πρὸς
940 1847 1083 1927 τοῦνομα
1108 1847 1233 1912 παίζων

133 1962 303 2027 adhibetur
315 1961 486 2025 Nicochar.
500 1963 530 2024 n
549 1962 624 2042 842,
648 1961 871 2039 Ἀγοράκριτος
888 1962 987 2026 Cleon
1000 1964 1055 2027 Ar.
1069 1962 1128 2043 Eq.
1147 1962 1230 2024 1257

132 2076 331 2161 appellatur:
355 2077 391 2140 ἐν
406 2073 433 2138 τ’
448 2075 551 2158 ἀγορᾷ
574 2076 634 2153 γὰρ
658 2076 844 2153 κρινόμενος
868 2077 1055 2158 ἐβοεκόμην,
1080 2078 1232 2157 Νικόβου-

132 2194 188 2254 λος
212 2191 255 2254 ib.
272 2191 337 2253 615
361 2199 540 2274 usurpatur.
589 2192 654 2254 Ant
678 2212 761 2255 nova
785 2191 950 2274 finguntur
966 2192 1006 2256 ad
1025 2194 1112 2257 vitae
1128 2212 1234 2256 exem·

133 2305 218 2388 plum
236 2304 337 2367 velut:
361 2305 585 2382 Ἐραεμονίδης
603 2303 722 2368 Cratin.
738 2305 768 2367 ΙΙ
786 2304 828 2367 22
846 2306 901 2384 (9),
927 2305 1063 2382 Λαγίςκα
1078 2306 1234 2370 meretrix

133 2419 245 2482 Stratt.
264 2419 295 2481 ΙΙ
321 2418 385 2481 764
403 2421 461 2498 (1),
496 2418 635 2495 (πινθήρ
666 2418 865 2502 Theopornp.
883 2421 915 2482 ll
939 2420 1004 2483 804
1029 2420 1096 2484 ν.8
1120 2439 1234 2484 servus

134 2541 264 2616 propter
299 2533 504 2615 celeritatem,
545 2533 687 2597 Εὔθυνος
726 2535 949 2612 ταριχοπώλης
981 2535 1157 2619 Antiphan.
1182 2537 1233 2599 Ill

134 2648 178 2711 70
202 2649 248 2726 (1)
284 2654 317 2711 et
352 2648 424 2725 103,
465 2647 628 2711 Λοπάδιον
664 2649 815 2711 meretrix
847 2649 1185 2728 rinocruram(
1212 2653 1233 2723 λ.

135 2733 247 2824 λλολίορ
271 2781 366 2842 quarn
390 2781 429 2823 ex
454 2761 644 2842 fragmentis
668 2763 861 2825 comicorum
885 2762 1056 2827 admodum
1081 2763 1235 2828 laceratis

21 2880 25 2886 '
134 2895 174 2937 ex
198 2873 424 2958 Aristophanis
462 2874 581 2938 fabulis
616 2877 776 2939 nominum
809 2877 964 2940 rationem
1003 2877 1078 2941 licet
1117 2897 1235 2960 cogno·

135 3008 235 3051 scere.
282 2988 363 3051 Eum
397 2988 571 3072 permultos
607 2987 750 3053 homines
783 2989 994 3068 φερωνύμους
1030 2990 1235 3056 introducere

136 3111 242 3167 notum
268 3105 368 3183 cst²);
404 3111 439 3167 ut
463 3105 523 3167 Αν.
541 3105 584 3166 65
608 3111 639 3166 et
664 3104 706 3167 68
738 3103 882 3168 homines
914 3105 946 3167 in
981 3106 1087 3169 avium
1122 3105 1234 3169 urbem

137 3219 297 3298 ingressos
326 3218 439 3280 timore
470 3223 644 3280 commotos
675 3217 858 3280 ioculariter
887 3220 1014 3282 nomina
1037 3218 1234 3283 Ὑποδεδιώς

137 3338 169 3394 ct
192 3330 404 3409 Ἐπικεχοδὼς
429 3333 488 3396 sibi
514 3333 688 3395 tribuentes
719 3331 810 3413 facit,
846 3334 891 3396 ita
926 3336 1054 3417 saepius
1090 3337 1236 3418 personis

137 3447 168 3508 in
191 3465 340 3509 scaenam
366 3466 427 3508 non
449 3446 681 3530 prodeuntibus
704 3447 832 3510 nomina
857 3449 1076 3530 significantia
1100 3451 1236 3532 imponit

138 3560 223 3623 velut
248 3561 376 3638 (εβῑνος
401 3559 628 3639 Ἀναφλύςτιος
656 3561 736 3625 Ran.
754 3562 818 3624 427
844 3563 931 3626 Eccl.
950 3564 1015 3628 979
1027 3585 1074 3645 sq.
1100 3564 1232 3642 (τιλβω-

142 3743 354 3752 *—

246 3874 273 3940 1)
287 3874 333 3927 De
343 3874 553 3926 nominibusin
563 3874 757 3942 opprobrium
769 3875 905 3928 deflectis
916 3876 952 3928 ct.
962 3874 1123 3938 Fabricius
1130 3873 1236 3928 Codex

138 3970 330 4039 apocryphus
350 3969 427 4023 Novi
447 3969 642 4037 Testamenti,
662 3969 832 4038 Hambnrgi
853 3971 948 4025 17191
964 3988 991 4039 p.
1005 3971 1107 4040 344sq.

243 4066 271 4131 2)
291 4064 335 4119 Cf.
364 4067 502 4118 Meineke
526 4065 554 4118 II
584 4083 611 4135 p.
632 4065 701 4118 1037
733 4066 824 4132 „solet
854 4067 1073 4135 Aristophanes
1104 4069 1237 4136 ingeniis

138 4162 331 4229 moribusque
351 4177 557 4230 personarum,
576 4178 653 4230 quas
672 4169 887 4231 repraesentat,
908 4164 998 4216 etiam
1018 4164 1237 4216 nominaaeco-

138 4257 269 4311 medere.
289 4258 392 4326 qualia
412 4263 481 4311 sunt
501 4260 689 4327 Δικαιόπολις,
708 4260 853 4326 Τρυγαῖος,
873 4260 959 4312 alia“.
