2724 4794
674 305 849 358 ..92-

214 488 345 545 narrant
368 480 525 564 epistulae
561 488 593 544 et
624 480 751 544 nomina
785 479 967 563 personalia
1002 477 1097 562 plane
1132 483 1311 560 congruunt

215 615 285 658 curn
310 594 350 660 iis
374 615 456 677 quae
481 594 646 660 comoedia
677 592 786 659 tradit.
834 593 977 676 Singulis
1007 590 1217 658 consideratis
1241 592 1310 657 fere

216 709 334 773 nullum
359 730 421 773 non
437 709 512 773 inde
535 708 690 793 explicari
708 706 846 772 vidimus
863 728 901 772 ac
926 708 979 789 qui
997 707 1168 772 Ribbeckii
1193 706 1309 771 librum

215 824 388 908 inspexerit
402 825 451 890 cui
465 826 580 889 Kolarc
596 822 779 889 inscribitur
795 821 1017 887 similitudines
1033 843 1127 905 quam
1152 822 1309 887 maximas

215 937 413 1004 intercedere
438 938 525 1004 haud
548 940 689 1022 negabit.
725 939 885 1016 Quasnam
910 939 1037 1004 fabulas
1054 941 1141 1024 ipsas
1165 938 1309 1022 sophista

215 1060 288 1118 ante
313 1055 424 1119 oculos
458 1061 555 1136 atque
580 1055 612 1118 in
644 1055 789 1120 manibus
825 1055 982 1137 habuerit,
1018 1074 1103 1119 nunc
1137 1052 1308 1118 diiudicari

215 1159 765 1254 nequit1)nequeomninopotest
800 1170 980 1235 nominibus
1015 1175 1137 1234 tantum
1173 1168 1310 1252 propriis

215 1282 375 1349 adhibitis.
417 1283 544 1350 Deinde
560 1304 644 1348 nunc
660 1278 842 1348 discernere
859 1305 920 1348 non
938 1303 1115 1368 possumus,
1132 1302 1206 1346 num
1224 1281 1309 1347 illius

215 1418 341 1480 quoque
371 1399 498 1482 generis
528 1399 649 1482 scripta
680 1398 750 1463 Alc.
782 1397 965 1480 adsciverit,
990 1417 1072 1480 quae
1098 1398 1309 1474 παντοδαπὴν

216 1513 296 1591 ὕλην
330 1512 418 1579 libris
442 1513 597 1576 ποικίλοι(
632 1513 684 1577 vel
710 1513 1010 1592 ἀπομνημονεύμαει
1045 1510 1201 1576 similibus
1236 1531 1309 1575 con·

215 1631 382 1708 gesserunt
399 1626 560 1708 multaque
582 1632 613 1690 et
638 1625 679 1690 de
700 1625 921 1690 meretricibus
945 1631 977 1690 et
1000 1625 1041 1691 de
1065 1626 1215 1710 parasitis
1237 1625 1310 1690 sub·

216 1740 394 1805 ministrare
411 1747 559 1825 poterant
568 1744 603 1820 2).
642 1739 797 1805 Convivia
821 1760 917 1824 supra
938 1762 969 1826 p.
987 1741 1029 1805 86
1053 1741 1309 1822 memoravimus,

213 1855 245 1918 in
259 1854 371 1918 eodem
384 1860 570 1936 argumento
586 1861 754 1920 versantur
768 1853 960 1939 Hippolochi
971 1860 1004 1918 et
1013 1854 1136 1938 Lyncei
1149 1854 1310 1919 ἐπιετολαὶ

214 1970 418 2046 δειπνητικαί,
453 1969 635 2034 Polemonis
670 1969 784 2033 librum
819 1970 890 2047 περὶ
918 1969 1100 2046 παραείτων
1130 1966 1245 2032 Athen.
1265 1968 1309 2033 VI

214 2103 245 2167 p.
257 2084 321 2146 234
334 2083 435 2146 D—F
446 2083 555 2165 affert,
568 2085 696 2168 saepius
706 2083 931 2167 Aristophanis
941 2084 1099 2166 Byzantii,
1112 2080 1309 2167 Apollodori,

215 2198 354 2280 Gorgiae
378 2198 449 2275 περὶ
481 2204 548 2261 τῶν
583 2198 728 2277 ἑταιρῶν.
775 2198 889 2264 Latius
924 2198 1078 2282 patebant
1103 2196 1309 2279 Aristodemi,

216 2311 422 2392 DioscoridiS,
449 2312 660 2394 Hegesandri,
685 2312 807 2396 Lyncei
826 2313 1046 2394 ὑπομνήματα,
1070 2311 1310 2390 ἀπομνημονεύ-

213 2447 306 2508 ματα,
341 2425 584 2509 ἀποφθέγματα,
621 2427 781 2491 ἐπιετολαὶ
816 2429 1021 2510 δειπνητικαί,
1058 2427 1147 2491 euius
1171 2427 1310 2492 universi

214 2541 341 2622 generis
358 2541 511 2624 optimum
529 2542 709 2626 exemplum
730 2549 858 2626 practer
881 2543 1007 2606 Aeliani
1032 2543 1139 2607 varias
1160 2541 1309 2608 historias

213 2655 312 2738 ipsius
337 2654 494 2719 Athenaei
510 2654 780 2741 Dipnosophistae
804 2663 942 2721 exstant.
989 2655 1016 2720 li
1031 2655 1203 2744 scriptores
1227 2676 1310 2738 quae

214 2789 317 2832 rerum
335 2769 487 2834 memoria
499 2791 537 2834 ac
551 2770 676 2834 litterae
693 2771 872 2850 (comoedia
889 2772 994 2855 poesis
1009 2770 1164 2855 parodica
1179 2761 1308 2851 similia)

215 2882 255 2946 de
274 2883 494 2948 meretricibus
510 2890 542 2948 et
566 2884 716 2968 parasitis
733 2880 942 2968 tradiderant,
968 2885 1165 2967 collegerunt
1181 2904 1220 2948 ac
1236 2884 1309 2948 fieri

215 3003 330 3081 potest,
355 3004 389 3062 ut
406 2999 520 3082 partim
537 2997 586 3063 his
598 2998 709 3065 rivulis
724 3000 797 3063 Alc.
811 3020 849 3064 ea
866 2998 992 3080 debeat,
1010 3019 1092 3081 quae
1109 3019 1149 3064 ex
1166 2992 1324 3064 fontibus'

214 3108 340 3174 videtur
370 3113 545 3194 accepisse.
593 3110 659 3177 Sed
683 3113 878 3176 camaleria
912 3116 959 3192 (ut
982 3113 1028 3177 ita
1051 3111 1170 3192 dicam)
1208 3112 1309 3195 potito

214 3225 385 3305 nominum,
417 3244 500 3306 quae
523 3224 598 3289 inde
622 3225 770 3309 ducebat,
807 3227 911 3291 forma
934 3225 1085 3311 eligenda
1108 3232 1188 3302 erat,
1226 3245 1309 3308 quae

214 3337 263 3402 his
287 3339 318 3402 in
353 3340 534 3422 parasitiois
558 3338 669 3404 differt
697 3342 866 3405 aceteris.
913 3341 1115 3406 Parasitos
1147 3362 1209 3405 non
1233 3361 1310 3405 vera

213 3451 351 3533 nomina,
376 3450 434 3516 sed
450 3450 604 3515 iocularia
619 3452 791 3536 agnomina
807 3473 865 3536 pro
887 3451 971 3518 veris
995 3454 1102 3532 (nonas
1119 3454 1160 3517 de
1175 3456 1308 3537 pererro)

213 3567 350 3648 gessisse
368 3572 503 3631 constat.
550 3567 643 3631 Vitae
659 3566 741 3632 hane
758 3566 1018 3632 consuetudinem
1043 3567 1100 3646 (cf.
1115 3566 1310 3633 Philoxenus

213 3680 467 3758 ἡπτερνοκοπί(
503 3681 658 3746 Euer·ates
695 3680 835 3759 Κόρυδος
860 3681 1028 3766 Epicrates
1053 3683 1218 3761 Κυρηβίων
1254 3681 1309 3745 alii

213 3795 254 3858 ab
271 3795 389 3878 Athen,
417 3797 458 3860 Vl
472 3797 535 3859 241
551 3815 620 3878 sqq.
644 3797 820 3878 memorati,
846 3798 971 3861 Horatii
985 3796 1180 3862 Pantolabus
1196 3816 1307 3862 scurra

214 3909 282 3974 Sat.
308 3911 333 3992 l,
357 3910 388 3992 8,
416 3912 465 3973 ll.
501 3910 534 3973 ΙΙ
563 3911 666 3992 1,22,
703 3911 755 3991 qui
790 3931 864 3974 vero
888 3910 1015 3975 nomine
1040 3909 1167 3975 Mallius
1203 3909 1306 3974 Verna

216 4062 429 4070 ——-—-—

323 4163 348 4226 1)
369 4148 565 4219 cainonem
586 4164 710 4220 mazou.
729 4181 756 4235 p.
770 4165 813 4219 m.

321 4260 349 4326 2)
369 4259 411 4315 Cf.
431 4260 567 4315 Ribbeck
587 4261 689 4317 Kolac.
709 4279 738 4332 p.
751 4261 794 4317 32.
905 4306 913 4316 .
