2724 4794
590 273 768 327 -2g-

129 448 363 512 Παταικίων
389 448 417 510 ΙΙ
437 448 466 527 2,
484 448 514 511 2.
543 446 672 526 [116,1
701 466 771 509 curn
797 445 937 510 Pataeco
962 445 1033 530 (Sp.
1057 467 1090 529 p.
1112 448 1147 508 11
1175 446 1222 510 ad·

131 562 268 627 (lendum
295 582 364 627 esse
390 564 437 629 lit.
467 563 569 626 Eretr.
587 560 659 640 Ἐφ.
686 560 758 639 ἀρχ.
787 561 880 643 1887,
903 560 945 625 83
970 559 1057 624 ν.55
1083 561 1224 626 Solmsen

130 678 263 758 monuit)
288 677 330 742 ad
355 679 513 741 Pataeeos
538 675 674 758 rediens,
699 674 739 739 de
764 676 878 756 quibus
902 697 932 738 v.
957 674 1114 740 Herodot.
1128 675 1223 740 11137

129 793 179 867 (E.
199 793 239 856 ul.
254 815 284 877 p.
302 793 377 870 615,
399 792 438 856 13
463 791 768 874 neglegentissime),
794 810 851 874 per
874 810 908 855 se
934 789 1103 855 honestum
1127 796 1177 855 est
1196 796 1226 854 ut

128 908 296 985 Πυγμαῖοι
322 906 446 970 Νάννοτ
473 906 588 969 Ναννώ
615 904 762 968 Νάννιον.
812 904 897 969 Malo
921 922 1014 968 sensu
1042 904 1225 986 nequissimi

131 1022 267 1087 lrominis
283 1022 509 1085 Palaeeiouem
535 1040 614 1084 conr.
641 1040 734 1084 anon.
752 1019 798 1082 IV
814 1017 891 1100 695,
916 1017 1107 1103 appellativi
1132 1019 1227 1083 instar

131 1136 281 1201 Aesebin.
306 1137 337 1198 in
362 1134 504 1218 Ctesipb.
531 1135 605 1213 (Ill)
626 1134 699 1216 189,
725 1134 946 1198 Pataeciscum
963 1131 1107 1197 Herond.
1126 1132 1172 1196 IV
1188 1131 1227 1197 63

130 1251 294 1333 adhibent,
320 1271 412 1333 quem
437 1269 564 1314 sensum
591 1250 697 1314 nescio
722 1269 763 1312 an
787 1269 900 1313 nomen
925 1248 966 1312 ob
991 1256 1113 1312 eertum
1135 1267 1228 1330 queu-

130 1365 204 1430 darn
229 1365 387 1429 bominem
413 1365 459 1429 ita
487 1364 682 1449 appellatum
699 1365 872 1448 acceperit.
919 1361 1137 1446 Harpocratio
1154 1383 1228 1427 sane

130 1483 161 1545 iu
198 1503 227 1545 ν.
263 1480 459 1561 Παταικίων,
496 1478 600 1544 Bekk.
626 1479 718 1542 Aul
742 1500 773 1562 p.
792 1478 867 1560 298,
895 1478 916 1541 5
954 1478 1094 1560 brevius,
1129 1477 1228 1544 fusius

130 1594 247 1660 suidas
268 1595 300 1658 in
323 1617 373 1658 νν.
398 1593 550 1658 πάταικοτ
575 1601 607 1657 et
622 1594 817 1674 Παταικίων,
842 1591 1066 1658 verbosissime
1084 1591 1227 1676 Apostol.

131 1710 208 1774 xlv
227 1709 267 1773 13
304 1708 344 1773 de
374 1709 568 1773 Pataeeione
604 1707 814 1792 sycophanta,
850 1707 920 1771 iure
955 1713 1119 1788 tamquam
1154 1727 1228 1772 vero
1267 1688 1271 1699 ¹

131 1825 257 1888 immine
283 1823 422 1887 tradunt.
472 1824 626 1906 Diogenis
650 1843 727 1888 sane
752 1823 856 1907 cynici
872 1821 992 1886 dictum
1011 1821 1106 1905 Diog.
1121 1821 1228 1888 Laerl.

131 1939 241 2003 V139
281 1937 434 2002 traditum
475 1931 564 2020 quasi
604 1938 683 2002 iuris
724 1938 902 2021 exemplum
939 1956 1053 2001 nomen
1086 1944 1227 2022 usurpat.

132 2054 276 2119 l'arasilo
301 2052 397 2118 etiam
423 2054 463 2118 ob
488 2053 598 2118 edacis
622 2052 770 2117 Herculis
802 2052 986 2117 memoriam
1020 2053 1118 2135 stirps
1153 2060 1230 2137 apta

131 2178 188 2249 est,
214 2169 267 2251 qui
290 2168 452 2232 l'ldroruoc
477 2168 695 2247 ἐπιτραπέζιο(
720 2167 805 2251 apud
824 2168 939 2251 Tyrios
964 2175 1046 2232 teste
1064 2167 1228 2253 Hesyebio

131 2284 160 2347 in
187 2304 265 2348 voee
291 2284 431 2362 Γίγγρων
456 2292 488 2347 et
512 2283 684 2362 Εὐφράδητ
710 2283 895 2347 vocabatur.

238 2398 268 2461 2.
315 2399 509 2476 Παρατιτική
534 2399 596 2462 ltu
621 2399 715 2477 τέχνη
747 2399 873 2462 ποτέων
908 2400 959 2462 καὶ
994 2399 1144 2476 βρωτέων
1181 2401 1231 2463 καὶ

130 2515 195 2575 τῶν
220 2512 271 2575 διὰ
302 2515 402 2575 ταῦτα
437 2514 584 2594 λεκτέων,
621 2514 711 2576 τέλος
736 2515 771 2576 δὲ
796 2513 892 2590 αὐτῆ(
915 2514 953 2576 τὸ
987 2511 1048 2589 ἡδύ
1073 2511 1153 2577 Luc.
1192 2511 1232 2578 de

131 2646 235 2710 paras.
254 2625 284 2708 9,
310 2646 407 2707 quare
428 2626 582 2712 Aleiplrro
607 2627 703 2692 etiam
730 2628 937 2692 voracitatem
962 2633 993 2690 et
1018 2627 1229 2692 bibacitatam

130 2739 309 2804 nominibus
333 2743 500 2825 expressit.
550 2742 599 2805 Ab
623 2741 740 2807 edendi
765 2748 834 2806 arte
858 2742 1012 2806 nominati
1039 2747 1128 2806 sunt:

239 2853 394 2919 Γνάθων
419 2855 449 2918 ΙΙ
474 2856 517 2919 32
542 2863 574 2920 et
598 2856 694 2920 1118.
742 2857 866 2923 Nomen
890 2856 966 2921 alibi
997 2854 1163 2922 honestum
1190 2857 1230 2922 ob

131 2977 270 3053 elymum
296 2969 392 3034 facile
417 2969 536 3034 bomini
561 2970 662 3053 edaci,
687 2971 829 3055 parasito
856 2971 1018 3055 proprium
1034 2970 1107 3035 fieri
1124 2971 1232 3055 potuit

130 3084 199 3168 (Sp.
214 3085 281 3166 29),
306 3105 368 3167 quo
392 3105 486 3149 sensu
510 3107 530 3150 a
554 3086 631 3150 Luc.
658 3086 798 3168 Fugitiv.
819 3086 869 3166 19,
904 3086 987 3149 Tim.
1004 3085 1047 3150 45
1077 3084 1231 3164 (Gnatho-

131 3198 246 3279 uides),
282 3200 433 3264 'Ferentio
458 3200 538 3263 Euo.
565 3200 784 3280 (Menandrum
811 3203 934 3278 secuto)
959 3199 1139 3282 adhibetur,
1175 3201 1229 3266 ubi

133 3335 160 3377 v.
178 3312 243 3377 263
256 3334 303 3394 sq.
328 3322 499 3398 trinepotum
519 3316 796 3398 pbilosophorum
819 3316 939 3380 babent
963 3315 1163 3398 disciplinae
1187 3338 1230 3380 eur

130 3427 214 3510 ipsis
237 3428 410 3508 ooeobolrr,
441 3429 589 3510 parasiti
618 3430 667 3491 ito
694 3435 731 3492 ut
755 3428 957 3493 Gnathonici
980 3437 1150 3493 vocentur.
1186 3428 1228 3492 ei.

131 3539 214 3603 Plnt.
240 3539 280 3604 de
304 3540 358 3603 lat.
383 3541 444 3604 viv.
475 3545 484 3602 l
515 3542 589 3604 τοὺτ
614 3544 685 3619 περὶ
711 3542 861 3606 Γνάθωνα
886 3549 917 3606 et
951 3548 1072 3624 quaest.
1100 3543 1227 3606 conviv.

131 3654 239 3734 Villi,
275 3655 295 3717 6
329 3653 523 3750 adieetivum
556 3656 763 3730 γναθώνειον.
822 3654 1027 3720 Comoedianr
1066 3655 1117 3719 lrie
1153 3675 1229 3723 usus

131 3768 226 3852 sapit,
264 3788 428 3850 compares
465 3768 558 3832 modo
584 3769 697 3853 Eupol.
717 3770 828 3834 11572
847 3770 927 3847 (851,
963 3770 1067 3834 Nicol.
1093 3771 1139 3834 lV
1163 3769 1230 3835 580

131 4049 292 4115 Ματακίνη(
311 4053 361 4114 τῆ(
381 4048 588 4102 Παταικίου
608 4051 766 4103 inveniret¹
806 4049 916 4104 Subest
935 4050 1091 4102 Παταίκιον
1111 4050 1229 4103 femini-

130 4160 201 4198 num
223 4147 301 4213 quod
322 4147 450 4199 traditur
467 4145 509 4199 IG
522 4146 563 4198 llI
580 4164 605 4215 p.
621 4146 664 4199 lli
678 4147 712 4200 55
723 4163 741 4199 a
754 4147 779 4200 5.
818 4147 1036 4200 DeHerondae
1051 4147 1115 4199 loeo
1135 4145 1229 4200 Rcieb

132 4240 167 4297 D.
187 4241 320 4295 Mimusl
342 4259 368 4305 p.
381 4243 440 4296 367.
